<?xml version="1.0" encoding="UTF-8"?>
<!DOCTYPE html PUBLIC "-//W3C//DTD XHTML 1.0 Transitional//EN"
    "http://www.w3.org/TR/xhtml1/DTD/xhtml1-transitional.dtd">
<html xmlns="http://www.w3.org/1999/xhtml" xml:lang="en" lang="en">
 <head>
  <title>
</title>
<meta http-equiv="Content-Type" content="text/html;charset=utf-8" />
  <meta name='ocr-system' content='tesseract 3.04.00' />
  <meta name='ocr-capabilities' content='ocr_page ocr_carea ocr_par ocr_line ocrx_word'/>
</head>
<body>
  <div class='ocr_page' id='page_1' title='image "./selectedlivesfr00robegoog_0042.png"; bbox 0 0 2294 3638; ppageno 0'>
   <div class='ocr_carea' id='block_1_1' title="bbox 365 175 1007 239">
    <p class='ocr_par' dir='ltr' id='par_1_1' title="bbox 365 175 1007 239">
     <span class='ocr_line' id='line_1_1' title="bbox 365 175 1007 239; baseline -0.002 -15"><span class='ocrx_word' id='word_1_1' title='bbox 365 175 661 225; x_wconf 77' lang='lat' dir='ltr'>rusursrocnus.</span> <span class='ocrx_word' id='word_1_2' title='bbox 696 175 720 232; x_wconf 89' lang='lat'>8,</span> <span class='ocrx_word' id='word_1_3' title='bbox 733 189 756 239; x_wconf 86' lang='lat'>9.</span> <span class='ocrx_word' id='word_1_4' title='bbox 977 175 1007 224; x_wconf 87' lang='lat'>17</span> 
     </span>
    </p>
   </div>
   <div class='ocr_carea' id='block_1_2' title="bbox 66 334 1122 2904">
    <p class='ocr_par' dir='ltr' id='par_1_2' title="bbox 66 334 1122 2904">
     <span class='ocr_line' id='line_1_2' title="bbox 113 334 1067 421; baseline -0.005 -16"><span class='ocrx_word' id='word_1_5' title='bbox 113 345 183 405; x_wconf 88' lang='lat' dir='ltr'>simi</span> <span class='ocrx_word' id='word_1_6' title='bbox 194 344 249 405; x_wconf 89' lang='lat' dir='ltr'>viri</span> <span class='ocrx_word' id='word_1_7' title='bbox 261 354 370 421; x_wconf 91' lang='lat' dir='ltr'>captus</span> <span class='ocrx_word' id='word_1_8' title='bbox 385 344 594 404; x_wconf 73' lang='lat' dir='ltr'>misericordie</span> <span class='ocrx_word' id='word_1_9' title='bbox 607 343 688 403; x_wconf 90' lang='lat' dir='ltr'>diem</span> <span class='ocrx_word' id='word_1_10' title='bbox 702 353 885 420; x_wconf 85' lang='lat' dir='ltr'>noctemque</span> <span class='ocrx_word' id='word_1_11' title='bbox 900 334 1006 420; x_wconf 89' lang='lat' dir='ltr'>procul</span> <span class='ocrx_word' id='word_1_12' title='bbox 1065 384 1067 390; x_wconf 85' lang='lat'>-</span> 
     </span>
     <span class='ocr_line' id='line_1_3' title="bbox 112 446 1006 523; baseline -0.002 -16"><span class='ocrx_word' id='word_1_13' title='bbox 112 447 152 507; x_wconf 88' lang='lat' dir='ltr'>ab</span> <span class='ocrx_word' id='word_1_14' title='bbox 174 447 275 507; x_wconf 77' lang='lat' dir='ltr'>insule</span> <span class='ocrx_word' id='word_1_15' title='bbox 300 447 332 505; x_wconf 93' lang='lat' dir='ltr'>in</span> <span class='ocrx_word' id='word_1_16' title='bbox 356 447 422 507; x_wconf 87' lang='lat' dir='ltr'>sale</span> <span class='ocrx_word' id='word_1_17' title='bbox 449 457 558 506; x_wconf 66' lang='lat' dir='ltr'>navem</span> <span class='ocrx_word' id='word_1_18' title='bbox 584 447 683 506; x_wconf 89' lang='lat' dir='ltr'>tenuit</span> <span class='ocrx_word' id='word_1_19' title='bbox 706 446 737 504; x_wconf 95' lang='lat' dir='ltr'>in</span> <span class='ocrx_word' id='word_1_20' title='bbox 762 455 882 505; x_wconf 88' lang='lat' dir='ltr'>ancoris</span> <span class='ocrx_word' id='word_1_21' title='bbox 906 465 1006 523; x_wconf 89' lang='lat' dir='ltr'>neque</span> 
     </span>
     <span class='ocr_line' id='line_1_4' title="bbox 112 549 1006 629; baseline -0.002 -20"><span class='ocrx_word' id='word_1_22' title='bbox 112 569 299 629; x_wconf 88' lang='lat' dir='ltr'>quemquam</span> <span class='ocrx_word' id='word_1_23' title='bbox 314 570 352 610; x_wconf 87' lang='lat' dir='ltr'>ex</span> <span class='ocrx_word' id='word_1_24' title='bbox 367 560 403 611; x_wconf 73' lang='lat' dir='ltr'>eei</span> <span class='ocrx_word' id='word_1_25' title='bbox 419 560 501 610; x_wconf 91' lang='lat' dir='ltr'>exire</span> <span class='ocrx_word' id='word_1_26' title='bbox 519 569 630 627; x_wconf 92' lang='lat' dir='ltr'>passus</span> <span class='ocrx_word' id='word_1_27' title='bbox 646 559 702 608; x_wconf 92' lang='lat' dir='ltr'>est.</span> <span class='ocrx_word' id='word_1_28' title='bbox 747 550 827 608; x_wconf 90' lang='lat' dir='ltr'>Inde</span> <span class='ocrx_word' id='word_1_29' title='bbox 851 549 1006 625; x_wconf 89' lang='lat' dir='ltr'>Ephesum</span> 
     </span>
     <span class='ocr_line' id='line_1_5' title="bbox 112 652 1122 731; baseline -0.003 -17"><span class='ocrx_word' id='word_1_30' title='bbox 112 654 251 731; x_wconf 88' lang='lat' dir='ltr'>pervenit</span> <span class='ocrx_word' id='word_1_31' title='bbox 273 653 378 731; x_wconf 87' lang='lat' dir='ltr'>ibique</span> <span class='ocrx_word' id='word_1_32' title='bbox 393 653 635 712; x_wconf 83' lang='lat' dir='ltr'><strong>Themistoclem</strong></span> <span class='ocrx_word' id='word_1_33' title='bbox 654 652 798 730; x_wconf 81' lang='lat' dir='ltr'>exponit:</span> <span class='ocrx_word' id='word_1_34' title='bbox 821 652 870 710; x_wconf 90' lang='lat' dir='ltr'>cui</span> <span class='ocrx_word' id='word_1_35' title='bbox 885 652 935 710; x_wconf 93' lang='lat' dir='ltr'>ille</span> <span class='ocrx_word' id='word_1_36' title='bbox 951 661 1006 728; x_wconf 85' lang='lat' dir='ltr'>pre</span> <span class='ocrx_word' id='word_1_37' title='bbox 1108 678 1122 687; x_wconf 69' lang='lat'><em>-</em></span> 
     </span>
     <span class='ocr_line' id='line_1_6' title="bbox 66 756 1111 835; baseline -0.002 -19"><span class='ocrx_word' id='word_1_38' title='bbox 66 794 70 799; x_wconf 91' lang='lat'><em>·</em></span> <span class='ocrx_word' id='word_1_39' title='bbox 112 758 228 817; x_wconf 90' lang='lat' dir='ltr'>meritis</span> <span class='ocrx_word' id='word_1_40' title='bbox 243 767 351 835; x_wconf 74' lang='lat' dir='ltr'>posteri</span> <span class='ocrx_word' id='word_1_41' title='bbox 365 757 495 835; x_wconf 69' lang='lat' dir='ltr'>gretiam</span> <span class='ocrx_word' id='word_1_42' title='bbox 511 756 635 815; x_wconf 90' lang='lat' dir='ltr'>rettulit.</span> <span class='ocrx_word' id='word_1_43' title='bbox 1043 772 1055 823; x_wconf 86' lang='lat'><strong>5</strong></span> <span class='ocrx_word' id='word_1_44' title='bbox 1104 798 1111 819; x_wconf 78' lang='grc'><em>,</em></span> 
     </span>
     <span class='ocr_line' id='line_1_7' title="bbox 73 859 1006 940; baseline -0.003 -19"><span class='ocrx_word' id='word_1_45' title='bbox 73 861 97 921; x_wconf 88' lang='grc'><strong>9</strong></span> <span class='ocrx_word' id='word_1_46' title='bbox 156 861 226 921; x_wconf 81' lang='lat' dir='ltr'>Scie</span> <span class='ocrx_word' id='word_1_47' title='bbox 238 861 402 940; x_wconf 82' lang='lat' dir='ltr'>plerosque</span> <span class='ocrx_word' id='word_1_48' title='bbox 415 861 458 919; x_wconf 91' lang='lat' dir='ltr'>ita</span> <span class='ocrx_word' id='word_1_49' title='bbox 470 859 640 937; x_wconf 88' lang='lat' dir='ltr'>scripsisse,</span> <span class='ocrx_word' id='word_1_50' title='bbox 651 859 892 918; x_wconf 85' lang='lat' dir='ltr'>Themistoclem</span> <span class='ocrx_word' id='word_1_51' title='bbox 904 861 1006 918; x_wconf 87' lang='lat' dir='ltr'>Xerxe</span> 
     </span>
     <span class='ocr_line' id='line_1_8' title="bbox 112 962 1006 1042; baseline -0.003 -19"><span class='ocrx_word' id='word_1_52' title='bbox 112 972 260 1042; x_wconf 75' lang='lat' dir='ltr'>regnante</span> <span class='ocrx_word' id='word_1_53' title='bbox 276 964 307 1023; x_wconf 89' lang='lat' dir='ltr'>in</span> <span class='ocrx_word' id='word_1_54' title='bbox 323 965 430 1023; x_wconf 87' lang='lat' dir='ltr'>Asiam</span> <span class='ocrx_word' id='word_1_55' title='bbox 445 973 603 1022; x_wconf 64' lang='lat' dir='ltr'>transisse.</span> <span class='ocrx_word' id='word_1_56' title='bbox 650 963 712 1022; x_wconf 89' lang='lat' dir='ltr'>Sed</span> <span class='ocrx_word' id='word_1_57' title='bbox 733 982 791 1039; x_wconf 87' lang='lat' dir='ltr'>ego</span> <span class='ocrx_word' id='word_1_58' title='bbox 813 962 1006 1039; x_wconf 91' lang='lat' dir='ltr'>potissimum</span> 
     </span>
     <span class='ocr_line' id='line_1_9' title="bbox 112 1050 1006 1146; baseline -0.003 -19"><span class='ocrx_word' id='word_1_59' title='bbox 112 1069 286 1146; x_wconf 74' lang='lat' dir='ltr'>Thucydidi</span> <span class='ocrx_word' id='word_1_60' title='bbox 309 1068 411 1139; x_wconf 85' lang='lat' dir='ltr'>crede,</span> <span class='ocrx_word' id='word_1_61' title='bbox 436 1067 519 1144; x_wconf 91' lang='lat' dir='ltr'>quod</span> <span class='ocrx_word' id='word_1_62' title='bbox 542 1077 572 1126; x_wconf 89' lang='lat' dir='ltr'>et</span> <span class='ocrx_word' id='word_1_63' title='bbox 595 1050 875 1143; x_wconf 82' lang='lat' dir='ltr'>aetaiteproximus</span> <span class='ocrx_word' id='word_1_64' title='bbox 901 1067 940 1125; x_wconf 90' lang='lat' dir='ltr'>de</span> <span class='ocrx_word' id='word_1_65' title='bbox 970 1066 1006 1124; x_wconf 90' lang='lat' dir='ltr'>iis</span> 
     </span>
     <span class='ocr_line' id='line_1_10' title="bbox 112 1169 1086 1249; baseline 0 -21"><span class='ocrx_word' id='word_1_66' title='bbox 112 1180 165 1247; x_wconf 94' lang='lat' dir='ltr'>qui</span> <span class='ocrx_word' id='word_1_67' title='bbox 180 1171 300 1230; x_wconf 84' lang='lat' dir='ltr'>illerum</span> <span class='ocrx_word' id='word_1_68' title='bbox 316 1181 486 1248; x_wconf 92' lang='lat' dir='ltr'>temporum</span> <span class='ocrx_word' id='word_1_69' title='bbox 499 1171 661 1229; x_wconf 89' lang='lat' dir='ltr'>historiam</span> <span class='ocrx_word' id='word_1_70' title='bbox 677 1171 872 1247; x_wconf 84' lang='lat' dir='ltr'>reliquerunt,</span> <span class='ocrx_word' id='word_1_71' title='bbox 884 1179 915 1228; x_wconf 86' lang='lat' dir='ltr'>et</span> <span class='ocrx_word' id='word_1_72' title='bbox 930 1169 1006 1228; x_wconf 88' lang='lat' dir='ltr'>eius·</span> <span class='ocrx_word' id='word_1_73' title='bbox 1081 1240 1086 1249; x_wconf 33' lang='grc' dir='ltr'>Ι</span> 
     </span>
     <span class='ocr_line' id='line_1_11' title="bbox 112 1274 1056 1334; baseline -0.003 0"><span class='ocrx_word' id='word_1_74' title='bbox 112 1275 182 1334; x_wconf 88' lang='lat' dir='ltr'>dem</span> <span class='ocrx_word' id='word_1_75' title='bbox 199 1274 331 1333; x_wconf 82' lang='lat' dir='ltr'>civitaitis</span> <span class='ocrx_word' id='word_1_76' title='bbox 346 1274 412 1333; x_wconf 86' lang='lat' dir='ltr'>luit.</span> <span class='ocrx_word' id='word_1_77' title='bbox 452 1278 484 1333; x_wconf 96' lang='lat' dir='ltr'>ls</span> <span class='ocrx_word' id='word_1_78' title='bbox 500 1284 602 1334; x_wconf 88' lang='lat' dir='ltr'>autem</span> <span class='ocrx_word' id='word_1_79' title='bbox 618 1274 660 1332; x_wconf 91' lang='lat' dir='ltr'>ait</span> <span class='ocrx_word' id='word_1_80' title='bbox 676 1274 715 1332; x_wconf 92' lang='lat' dir='ltr'>ad</span> <span class='ocrx_word' id='word_1_81' title='bbox 731 1276 920 1332; x_wconf 80' lang='lat' dir='ltr'>Artaxerxen</span> <span class='ocrx_word' id='word_1_82' title='bbox 937 1291 1006 1330; x_wconf 90' lang='lat' dir='ltr'>eum</span> <span class='ocrx_word' id='word_1_83' title='bbox 1027 1297 1056 1331; x_wconf 93' lang='lat'>10</span> 
     </span>
     <span class='ocr_line' id='line_1_12' title="bbox 78 1377 1007 1454; baseline -0.003 -16"><span class='ocrx_word' id='word_1_84' title='bbox 78 1389 95 1438; x_wconf 85' lang='lat'>2</span> <span class='ocrx_word' id='word_1_85' title='bbox 112 1377 235 1437; x_wconf 92' lang='lat' dir='ltr'>venisse</span> <span class='ocrx_word' id='word_1_86' title='bbox 256 1388 347 1454; x_wconf 89' lang='lat' dir='ltr'>atque</span> <span class='ocrx_word' id='word_1_87' title='bbox 363 1379 411 1436; x_wconf 86' lang='lat' dir='ltr'>his</span> <span class='ocrx_word' id='word_1_88' title='bbox 426 1379 528 1437; x_wconf 88' lang='lat' dir='ltr'>verbis</span> <span class='ocrx_word' id='word_1_89' title='bbox 551 1377 714 1454; x_wconf 86' lang='lat' dir='ltr'>epistulam</span> <span class='ocrx_word' id='word_1_90' title='bbox 737 1377 877 1436; x_wconf 83' lang='lat' dir='ltr'>misisse:</span> <span class='ocrx_word' id='word_1_91' title='bbox 903 1377 1007 1435; x_wconf 90' lang='lat' dir='ltr'>“The-</span> 
     </span>
     <span class='ocr_line' id='line_1_13' title="bbox 112 1479 1006 1558; baseline -0.002 -20"><span class='ocrx_word' id='word_1_92' title='bbox 112 1481 268 1540; x_wconf 84' lang='lat' dir='ltr'>mistocles</span> <span class='ocrx_word' id='word_1_93' title='bbox 290 1489 361 1540; x_wconf 90' lang='lat' dir='ltr'>veni</span> <span class='ocrx_word' id='word_1_94' title='bbox 383 1481 422 1540; x_wconf 88' lang='lat' dir='ltr'>ad</span> <span class='ocrx_word' id='word_1_95' title='bbox 446 1489 484 1554; x_wconf 85' lang='lat' dir='ltr'>te,</span> <span class='ocrx_word' id='word_1_96' title='bbox 509 1490 561 1558; x_wconf 90' lang='lat' dir='ltr'>qui</span> <span class='ocrx_word' id='word_1_97' title='bbox 586 1480 717 1557; x_wconf 83' lang='lat' dir='ltr'>plurima</span> <span class='ocrx_word' id='word_1_98' title='bbox 742 1481 822 1538; x_wconf 91' lang='lat' dir='ltr'>mala</span> <span class='ocrx_word' id='word_1_99' title='bbox 848 1479 1006 1538; x_wconf 91' lang='lat' dir='ltr'>hominum</span> 
     </span>
     <span class='ocr_line' id='line_1_14' title="bbox 113 1581 1007 1660; baseline -0.006 -17"><span class='ocrx_word' id='word_1_100' title='bbox 113 1584 274 1643; x_wconf 72' lang='lat' dir='ltr'>Graiierum</span> <span class='ocrx_word' id='word_1_101' title='bbox 300 1583 331 1641; x_wconf 91' lang='lat' dir='ltr'>in</span> <span class='ocrx_word' id='word_1_102' title='bbox 354 1584 482 1643; x_wconf 88' lang='lat' dir='ltr'>domum</span> <span class='ocrx_word' id='word_1_103' title='bbox 509 1594 593 1643; x_wconf 92' lang='lat' dir='ltr'>tuam</span> <span class='ocrx_word' id='word_1_104' title='bbox 619 1584 715 1656; x_wconf 91' lang='lat' dir='ltr'>intuli,</span> <span class='ocrx_word' id='word_1_105' title='bbox 740 1602 832 1660; x_wconf 90' lang='lat' dir='ltr'>quam</span> <span class='ocrx_word' id='word_1_106' title='bbox 856 1584 908 1641; x_wconf 83' lang='lat' dir='ltr'>diu</span> <span class='ocrx_word' id='word_1_107' title='bbox 932 1581 1007 1640; x_wconf 93' lang='lat' dir='ltr'>mihi</span> 
     </span>
     <span class='ocr_line' id='line_1_15' title="bbox 113 1685 1008 1764; baseline -0.002 -20"><span class='ocrx_word' id='word_1_108' title='bbox 113 1706 241 1747; x_wconf 87' lang='lat' dir='ltr'>necesse</span> <span class='ocrx_word' id='word_1_109' title='bbox 263 1686 320 1745; x_wconf 81' lang='lat' dir='ltr'>luit</span> <span class='ocrx_word' id='word_1_110' title='bbox 342 1688 506 1746; x_wconf 91' lang='lat' dir='ltr'>adversum</span> <span class='ocrx_word' id='word_1_111' title='bbox 528 1697 646 1764; x_wconf 88' lang='lat' dir='ltr'>patrem</span> <span class='ocrx_word' id='word_1_112' title='bbox 668 1696 753 1745; x_wconf 91' lang='lat' dir='ltr'>tuum</span> <span class='ocrx_word' id='word_1_113' title='bbox 779 1687 893 1746; x_wconf 66' lang='lat' dir='ltr'>bellare</span> <span class='ocrx_word' id='word_1_114' title='bbox 917 1685 1008 1762; x_wconf 84' lang='lat' dir='ltr'>patri-</span> 
     </span>
     <span class='ocr_line' id='line_1_16' title="bbox 78 1785 1056 1870; baseline -0.003 -15"><span class='ocrx_word' id='word_1_115' title='bbox 78 1804 222 1869; x_wconf 87' lang='lat' dir='ltr'>3amque</span> <span class='ocrx_word' id='word_1_116' title='bbox 247 1812 345 1852; x_wconf 90' lang='lat' dir='ltr'>meam</span> <span class='ocrx_word' id='word_1_117' title='bbox 369 1793 544 1852; x_wconf 74' lang='lat' dir='ltr'>defendere.</span> <span class='ocrx_word' id='word_1_118' title='bbox 591 1785 678 1852; x_wconf 89' lang='lat' dir='ltr'>ldem</span> <span class='ocrx_word' id='word_1_119' title='bbox 700 1793 795 1852; x_wconf 82' lang='lat' dir='ltr'>multe</span> <span class='ocrx_word' id='word_1_120' title='bbox 818 1794 904 1870; x_wconf 79' lang='lat' dir='ltr'>plura</span> <span class='ocrx_word' id='word_1_121' title='bbox 923 1794 1007 1852; x_wconf 94' lang='lat' dir='ltr'>bona</span> <span class='ocrx_word' id='word_1_122' title='bbox 1028 1811 1056 1862; x_wconf 89' lang='lat'>15</span> 
     </span>
     <span class='ocr_line' id='line_1_17' title="bbox 112 1896 1006 1974; baseline 0.004 -22"><span class='ocrx_word' id='word_1_123' title='bbox 112 1897 180 1969; x_wconf 85' lang='lat' dir='ltr'>feci,</span> <span class='ocrx_word' id='word_1_124' title='bbox 197 1906 362 1974; x_wconf 86' lang='lat' dir='ltr'>postquam</span> <span class='ocrx_word' id='word_1_125' title='bbox 385 1896 416 1954; x_wconf 91' lang='lat' dir='ltr'>in</span> <span class='ocrx_word' id='word_1_126' title='bbox 438 1905 505 1956; x_wconf 80' lang='lat' dir='ltr'>tute</span> <span class='ocrx_word' id='word_1_127' title='bbox 521 1897 586 1973; x_wconf 93' lang='lat' dir='ltr'>ipse</span> <span class='ocrx_word' id='word_1_128' title='bbox 609 1907 640 1956; x_wconf 93' lang='lat' dir='ltr'>et</span> <span class='ocrx_word' id='word_1_129' title='bbox 660 1896 710 1955; x_wconf 91' lang='lat' dir='ltr'>ille</span> <span class='ocrx_word' id='word_1_130' title='bbox 731 1896 762 1954; x_wconf 91' lang='lat' dir='ltr'>in</span> <span class='ocrx_word' id='word_1_131' title='bbox 783 1897 919 1973; x_wconf 78' lang='lat' dir='ltr'>pericule</span> <span class='ocrx_word' id='word_1_132' title='bbox 938 1916 1006 1956; x_wconf 90' lang='lat' dir='ltr'>esse</span> 
     </span>
     <span class='ocr_line' id='line_1_18' title="bbox 113 1989 1006 2076; baseline 0.001 -18"><span class='ocrx_word' id='word_1_133' title='bbox 113 1989 224 2076; x_wconf 61' lang='lat' dir='ltr'>c‘oepit.</span> <span class='ocrx_word' id='word_1_134' title='bbox 269 2002 349 2059; x_wconf 89' lang='lat' dir='ltr'>Nam</span> <span class='ocrx_word' id='word_1_135' title='bbox 365 2018 435 2059; x_wconf 88' lang='lat' dir='ltr'>cum</span> <span class='ocrx_word' id='word_1_136' title='bbox 457 2000 488 2058; x_wconf 92' lang='lat' dir='ltr'>in</span> <span class='ocrx_word' id='word_1_137' title='bbox 512 2000 618 2058; x_wconf 82' lang='lat' dir='ltr'>Asiam</span> <span class='ocrx_word' id='word_1_138' title='bbox 641 2009 751 2058; x_wconf 83' lang='lat' dir='ltr'>reverti</span> <span class='ocrx_word' id='word_1_139' title='bbox 773 1999 872 2071; x_wconf 89' lang='lat' dir='ltr'>vellet,</span> <span class='ocrx_word' id='word_1_140' title='bbox 890 2001 1006 2076; x_wconf 83' lang='lat' dir='ltr'>proelio</span> 
     </span>
     <span class='ocr_line' id='line_1_19' title="bbox 113 2103 1007 2179; baseline 0.001 -18"><span class='ocrx_word' id='word_1_141' title='bbox 113 2103 196 2179; x_wconf 93' lang='lat' dir='ltr'>apud</span> <span class='ocrx_word' id='word_1_142' title='bbox 212 2104 368 2163; x_wconf 89' lang='lat' dir='ltr'>Salamina</span> <span class='ocrx_word' id='word_1_143' title='bbox 382 2105 466 2162; x_wconf 78' lang='lat' dir='ltr'>facte</span> <span class='ocrx_word' id='word_1_144' title='bbox 484 2103 593 2163; x_wconf 89' lang='lat' dir='ltr'>litteris</span> <span class='ocrx_word' id='word_1_145' title='bbox 616 2122 685 2161; x_wconf 90' lang='lat' dir='ltr'>eum</span> <span class='ocrx_word' id='word_1_146' title='bbox 708 2103 867 2162; x_wconf 84' lang='lat' dir='ltr'>certiorem</span> <span class='ocrx_word' id='word_1_147' title='bbox 889 2104 950 2163; x_wconf 84' lang='lat' dir='ltr'>feci</span> <span class='ocrx_word' id='word_1_148' title='bbox 976 2104 1007 2162; x_wconf 91' lang='lat' dir='ltr'>id</span> 
     </span>
     <span class='ocr_line' id='line_1_20' title="bbox 113 2206 1006 2284; baseline 0.002 -20"><span class='ocrx_word' id='word_1_149' title='bbox 113 2215 170 2284; x_wconf 88' lang='lat' dir='ltr'>agi,</span> <span class='ocrx_word' id='word_1_150' title='bbox 193 2216 227 2266; x_wconf 94' lang='lat' dir='ltr'>ut</span> <span class='ocrx_word' id='word_1_151' title='bbox 248 2214 327 2283; x_wconf 80' lang='lat' dir='ltr'>pens</span> <span class='ocrx_word' id='word_1_152' title='bbox 343 2225 434 2283; x_wconf 91' lang='lat' dir='ltr'>quem</span> <span class='ocrx_word' id='word_1_153' title='bbox 449 2207 481 2264; x_wconf 88' lang='lat' dir='ltr'>in</span> <span class='ocrx_word' id='word_1_154' title='bbox 499 2207 706 2283; x_wconf 79' lang='lat' dir='ltr'>Hellesponte</span> <span class='ocrx_word' id='word_1_155' title='bbox 721 2207 844 2278; x_wconf 86' lang='lat' dir='ltr'>lecerat,</span> <span class='ocrx_word' id='word_1_156' title='bbox 862 2206 1006 2266; x_wconf 91' lang='lat' dir='ltr'>dissolve-</span> 
     </span>
     <span class='ocr_line' id='line_1_21' title="bbox 113 2309 1058 2386; baseline 0.002 -19"><span class='ocrx_word' id='word_1_157' title='bbox 113 2316 194 2369; x_wconf 87' lang='lat' dir='ltr'>retur</span> <span class='ocrx_word' id='word_1_158' title='bbox 217 2319 308 2386; x_wconf 90' lang='lat' dir='ltr'>atque</span> <span class='ocrx_word' id='word_1_159' title='bbox 331 2310 370 2369; x_wconf 87' lang='lat' dir='ltr'>ab</span> <span class='ocrx_word' id='word_1_160' title='bbox 393 2309 535 2369; x_wconf 91' lang='lat' dir='ltr'>hostibus</span> <span class='ocrx_word' id='word_1_161' title='bbox 561 2309 786 2369; x_wconf 89' lang='lat' dir='ltr'>circumiretur:</span> <span class='ocrx_word' id='word_1_162' title='bbox 814 2318 875 2386; x_wconf 83' lang='lat' dir='ltr'>que</span> <span class='ocrx_word' id='word_1_163' title='bbox 899 2310 1007 2369; x_wconf 82' lang='lat' dir='ltr'>nuntio</span> <span class='ocrx_word' id='word_1_164' title='bbox 1027 2328 1058 2362; x_wconf 90' lang='lat'>20</span> 
     </span>
     <span class='ocr_line' id='line_1_22' title="bbox 79 2412 1008 2490; baseline 0.004 -22"><span class='ocrx_word' id='word_1_165' title='bbox 79 2418 96 2468; x_wconf 83' lang='lat'>4</span> <span class='ocrx_word' id='word_1_166' title='bbox 113 2412 163 2471; x_wconf 93' lang='lat' dir='ltr'>ille</span> <span class='ocrx_word' id='word_1_167' title='bbox 178 2413 315 2489; x_wconf 85' lang='lat' dir='ltr'>pericule</span> <span class='ocrx_word' id='word_1_168' title='bbox 330 2423 378 2472; x_wconf 88' lang='lat' dir='ltr'>est</span> <span class='ocrx_word' id='word_1_169' title='bbox 393 2413 549 2472; x_wconf 78' lang='lat' dir='ltr'>liberetus.</span> <span class='ocrx_word' id='word_1_170' title='bbox 595 2415 686 2472; x_wconf 91' lang='lat' dir='ltr'>Nunc</span> <span class='ocrx_word' id='word_1_171' title='bbox 707 2423 808 2472; x_wconf 91' lang='lat' dir='ltr'>autem</span> <span class='ocrx_word' id='word_1_172' title='bbox 829 2414 953 2490; x_wconf 79' lang='lat' dir='ltr'>cenfugi</span> <span class='ocrx_word' id='word_1_173' title='bbox 968 2414 1008 2472; x_wconf 92' lang='lat' dir='ltr'>ad</span> 
     </span>
     <span class='ocr_line' id='line_1_23' title="bbox 114 2499 1008 2594; baseline 0 -19"><span class='ocrx_word' id='word_1_174' title='bbox 114 2524 144 2576; x_wconf 91' lang='lat' dir='ltr'>te</span> <span class='ocrx_word' id='word_1_175' title='bbox 159 2515 331 2594; x_wconf 76' lang='lat' dir='ltr'>exagitatus</span> <span class='ocrx_word' id='word_1_176' title='bbox 347 2525 489 2576; x_wconf 73' lang='lat' dir='ltr'>ecimcte</span> <span class='ocrx_word' id='word_1_177' title='bbox 511 2517 651 2590; x_wconf 75' lang='lat' dir='ltr'>Graecia,</span> <span class='ocrx_word' id='word_1_178' title='bbox 668 2499 753 2576; x_wconf 89' lang='lat' dir='ltr'>tuam</span> <span class='ocrx_word' id='word_1_179' title='bbox 775 2525 884 2594; x_wconf 84' lang='lat' dir='ltr'>petens</span> <span class='ocrx_word' id='word_1_180' title='bbox 907 2517 1008 2576; x_wconf 90' lang='lat' dir='ltr'>amici·</span> 
     </span>
     <span class='ocr_line' id='line_1_24' title="bbox 115 2620 1007 2698; baseline -0.002 -19"><span class='ocrx_word' id='word_1_181' title='bbox 115 2620 205 2679; x_wconf 90' lang='lat' dir='ltr'>tiam:</span> <span class='ocrx_word' id='word_1_182' title='bbox 228 2640 319 2697; x_wconf 89' lang='lat' dir='ltr'>quam</span> <span class='ocrx_word' id='word_1_183' title='bbox 340 2631 367 2680; x_wconf 93' lang='lat' dir='ltr'>si</span> <span class='ocrx_word' id='word_1_184' title='bbox 386 2629 439 2681; x_wconf 81' lang='lat' dir='ltr'>ere</span> <span class='ocrx_word' id='word_1_185' title='bbox 457 2622 597 2698; x_wconf 86' lang='lat' dir='ltr'>adeptus,</span> <span class='ocrx_word' id='word_1_186' title='bbox 614 2629 675 2680; x_wconf 80' lang='lat' dir='ltr'>nen</span> <span class='ocrx_word' id='word_1_187' title='bbox 699 2621 799 2678; x_wconf 91' lang='lat' dir='ltr'>minus</span> <span class='ocrx_word' id='word_1_188' title='bbox 822 2629 870 2680; x_wconf 83' lang='lat' dir='ltr'>me</span> <span class='ocrx_word' id='word_1_189' title='bbox 893 2620 1007 2680; x_wconf 92' lang='lat' dir='ltr'>bonum</span> 
     </span>
     <span class='ocr_line' id='line_1_25' title="bbox 114 2723 1009 2801; baseline 0.001 -20"><span class='ocrx_word' id='word_1_190' title='bbox 114 2733 246 2783; x_wconf 92' lang='lat' dir='ltr'>amicum</span> <span class='ocrx_word' id='word_1_191' title='bbox 262 2723 391 2784; x_wconf 86' lang='lat' dir='ltr'>habebis</span> <span class='ocrx_word' id='word_1_192' title='bbox 407 2741 500 2801; x_wconf 89' lang='lat' dir='ltr'>quam</span> <span class='ocrx_word' id='word_1_193' title='bbox 511 2725 622 2783; x_wconf 81' lang='lat' dir='ltr'>fortem</span> <span class='ocrx_word' id='word_1_194' title='bbox 635 2724 790 2783; x_wconf 93' lang='lat' dir='ltr'>inimicum</span> <span class='ocrx_word' id='word_1_195' title='bbox 803 2724 852 2783; x_wconf 90' lang='lat' dir='ltr'>ille</span> <span class='ocrx_word' id='word_1_196' title='bbox 866 2734 1009 2801; x_wconf 90' lang='lat' dir='ltr'>expertus</span> 
     </span>
     <span class='ocr_line' id='line_1_26' title="bbox 114 2827 1058 2904; baseline -0.003 -18"><span class='ocrx_word' id='word_1_197' title='bbox 114 2836 170 2886; x_wconf 89' lang='lat' dir='ltr'>est.</span> <span class='ocrx_word' id='word_1_198' title='bbox 225 2828 271 2887; x_wconf 87' lang='lat' dir='ltr'>Te</span> <span class='ocrx_word' id='word_1_199' title='bbox 294 2837 396 2886; x_wconf 87' lang='lat' dir='ltr'>autem</span> <span class='ocrx_word' id='word_1_200' title='bbox 418 2835 502 2904; x_wconf 82' lang='lat' dir='ltr'>roge,</span> <span class='ocrx_word' id='word_1_201' title='bbox 519 2837 553 2886; x_wconf 93' lang='lat' dir='ltr'>ut</span> <span class='ocrx_word' id='word_1_202' title='bbox 574 2829 612 2886; x_wconf 89' lang='lat' dir='ltr'>de</span> <span class='ocrx_word' id='word_1_203' title='bbox 635 2827 672 2885; x_wconf 87' lang='lat' dir='ltr'>iis</span> <span class='ocrx_word' id='word_1_204' title='bbox 694 2828 785 2886; x_wconf 90' lang='lat' dir='ltr'>rebus</span> <span class='ocrx_word' id='word_1_205' title='bbox 808 2837 885 2903; x_wconf 71' lang='lat' dir='ltr'>ques</span> <span class='ocrx_word' id='word_1_206' title='bbox 907 2834 1008 2886; x_wconf 86' lang='lat' dir='ltr'>tecum</span> <span class='ocrx_word' id='word_1_207' title='bbox 1028 2842 1058 2894; x_wconf 86' lang='lat'>25</span> 
     </span>
    </p>
   </div>
   <div class='ocr_carea' id='block_1_3' title="bbox 114 2999 1017 3316">
    <p class='ocr_par' dir='ltr' id='par_1_3' title="bbox 114 2999 1017 3316">
     <span class='ocr_line' id='line_1_27' title="bbox 159 2999 1011 3066; baseline 0.001 -18"><span class='ocrx_word' id='word_1_208' title='bbox 159 3014 168 3048; x_wconf 94' lang='lat'>1</span> <span class='ocrx_word' id='word_1_209' title='bbox 184 3001 291 3066; x_wconf 79' lang='lat' dir='ltr'>captus,</span> <span class='ocrx_word' id='word_1_210' title='bbox 300 3005 439 3063; x_wconf 59' lang='lat' dir='ltr'>parmatus.</span> <span class='ocrx_word' id='word_1_211' title='bbox 449 3014 506 3063; x_wconf 82' lang='lat'>-3</span> <span class='ocrx_word' id='word_1_212' title='bbox 521 3013 619 3063; x_wconf 82' lang='lat' dir='ltr'>passus</span> <span class='ocrx_word' id='word_1_213' title='bbox 630 3002 683 3064; x_wconf 87' lang='lat' dir='ltr'>est,</span> <span class='ocrx_word' id='word_1_214' title='bbox 691 3002 818 3062; x_wconf 74' lang='lat' dir='ltr'>permisit.</span> <span class='ocrx_word' id='word_1_215' title='bbox 828 3013 883 3060; x_wconf 94' lang='lat'>-7</span> <span class='ocrx_word' id='word_1_216' title='bbox 897 2999 1011 3063; x_wconf 87' lang='lat' dir='ltr'>potissi-</span> 
     </span>
     <span class='ocr_line' id='line_1_28' title="bbox 114 3083 1010 3150; baseline -0.006 -16"><span class='ocrx_word' id='word_1_217' title='bbox 114 3097 199 3150; x_wconf 84' lang='lat' dir='ltr'>mum,</span> <span class='ocrx_word' id='word_1_218' title='bbox 216 3085 338 3132; x_wconf 74' lang='lat' dir='ltr'>mdxime.</span> <span class='ocrx_word' id='word_1_219' title='bbox 347 3112 379 3119; x_wconf 99' lang='lat'>—</span> <span class='ocrx_word' id='word_1_220' title='bbox 393 3098 422 3132; x_wconf 92' lang='lat'>10</span> <span class='ocrx_word' id='word_1_221' title='bbox 439 3083 489 3147; x_wconf 84' lang='lat' dir='ltr'>ait,</span> <span class='ocrx_word' id='word_1_222' title='bbox 506 3084 581 3131; x_wconf 76' lang='lat' dir='ltr'>dicit..</span> <span class='ocrx_word' id='word_1_223' title='bbox 594 3112 627 3119; x_wconf 93' lang='lat'>-—</span> <span class='ocrx_word' id='word_1_224' title='bbox 638 3097 664 3130; x_wconf 91' lang='lat'>11</span> <span class='ocrx_word' id='word_1_225' title='bbox 685 3083 842 3147; x_wconf 78' lang='lat' dir='ltr'>epistulam,</span> <span class='ocrx_word' id='word_1_226' title='bbox 861 3085 967 3130; x_wconf 66' lang='lat' dir='ltr'>litteras.</span> <span class='ocrx_word' id='word_1_227' title='bbox 977 3111 1010 3118; x_wconf 94' lang='lat'><em>-</em></span> 
     </span>
     <span class='ocr_line' id='line_1_29' title="bbox 117 3167 1017 3232; baseline 0.001 -17"><span class='ocrx_word' id='word_1_228' title='bbox 117 3181 147 3228; x_wconf 81' lang='lat'>14</span> <span class='ocrx_word' id='word_1_229' title='bbox 164 3168 318 3232; x_wconf 68' lang='lat' dir='ltr'>adversum,</span> <span class='ocrx_word' id='word_1_230' title='bbox 335 3173 431 3215; x_wconf 75' lang='lat' dir='ltr'>conteri.</span> <span class='ocrx_word' id='word_1_231' title='bbox 441 3195 473 3201; x_wconf 94' lang='lat'><strong>—</strong></span> <span class='ocrx_word' id='word_1_232' title='bbox 483 3167 592 3231; x_wconf 72' lang='lat' dir='ltr'>bellire,</span> <span class='ocrx_word' id='word_1_233' title='bbox 608 3168 698 3215; x_wconf 87' lang='lat' dir='ltr'>bellum</span> <span class='ocrx_word' id='word_1_234' title='bbox 710 3183 803 3229; x_wconf 78' lang='lat' dir='ltr'>gerere.</span> <span class='ocrx_word' id='word_1_235' title='bbox 814 3193 846 3201; x_wconf 94' lang='lat'>-</span> <span class='ocrx_word' id='word_1_236' title='bbox 857 3180 887 3213; x_wconf 89' lang='lat'>22</span> <span class='ocrx_word' id='word_1_237' title='bbox 903 3167 1017 3228; x_wconf 58' lang='lat' dir='ltr'>obiisti,</span> 
     </span>
     <span class='ocr_line' id='line_1_30' title="bbox 114 3250 578 3316; baseline 0 -17"><span class='ocrx_word' id='word_1_238' title='bbox 114 3253 244 3299; x_wconf 61' lang='lat' dir='ltr'>aniversae.</span> <span class='ocrx_word' id='word_1_239' title='bbox 254 3278 288 3287; x_wconf 89' lang='lat'>—</span> <span class='ocrx_word' id='word_1_240' title='bbox 298 3263 328 3314; x_wconf 86' lang='lat'>23</span> <span class='ocrx_word' id='word_1_241' title='bbox 343 3250 466 3316; x_wconf 79' lang='lat' dir='ltr'>adeptus,</span> <span class='ocrx_word' id='word_1_242' title='bbox 481 3257 578 3299; x_wconf 81' lang='lat' dir='ltr'>nactus.</span> 
     </span>
    </p>
   </div>
   <div class='ocr_carea' id='block_1_4' title="bbox 0 0 1152 3638">
    <p class='ocr_par' dir='ltr' id='par_1_4' title="bbox 0 0 1152 3638">
     <span class='ocr_line' id='line_1_31' title="bbox 0 0 1152 3638; baseline 0 0"><span class='ocrx_word' id='word_1_243' title='bbox 0 0 1152 3638; x_wconf 95' lang='lat' dir='ltr'> </span> 
     </span>
    </p>
   </div>
  </div>
 </body>
</html>
