2294 3638
392 182 631 234 nncrnmnus:
663 198 684 251 5,
698 185 720 234 6.
977 184 1009 236 35

110 348 297 429 locupletati)
320 351 462 424 exercitii,
483 351 624 411 maximis
645 352 737 411 rebus
758 361 854 430 gestis
869 352 1010 412 Athenas

110 463 269 515 venerunt.

73 553 98 613 6
155 561 216 618 His
245 578 314 618 cum
343 558 465 618 obviam
494 559 637 617 universa
665 558 774 617 civitas
803 559 834 616 in
868 561 1009 618 Piraeum

111 662 332 734 descendisset,
349 671 436 720 tanta
449 650 509 722 fuit
528 662 663 720 omnium
684 662 875 738 exspectati&
890 663 1010 720 visendi

112 765 291 838 Alcibiadis,
316 777 349 824 ut
371 766 410 824 ad
432 765 498 824 eius
527 751 679 825 trir'emem
702 766 808 842 volgus
841 766 1009 825 cbnflueret
1046 780 1063 833 5-

75 869 239 946 2proinde
261 878 298 928 ac
320 877 347 927 si
368 868 452 928 srilus
474 867 658 927 advenisset.
705 870 756 928 Sic
785 868 867 927 enim
895 869 1009 945 populi)

111 982 177 1032 erat
193 981 373 1048 persuasum
389 981 420 1030 et
435 972 581 1030 adversas
597 971 770 1048 superirires
786 981 816 1031 et
831 980 1009 1048 praesentes

112 1076 265 1135 secundas
276 1083 325 1134 res
338 1075 488 1134 accidisse
498 1075 563 1133 eius
575 1084 677 1150 opera.
711 1078 820 1150 ltaque
832 1085 863 1134 et
876 1075 1009 1134 Siciliam

112 1188 256 1238 aimissam
271 1188 302 1238 et
317 1177 632 1256 Lacedaemoniorum
647 1178 792 1238 victrinis
807 1179 914 1254 culpae
935 1198 1009 1237 suae

111 1283 296 1362 tribuebant,
314 1282 397 1358 quod
412 1282 503 1340 talem
519 1281 616 1339 virum
632 1289 648 1340 e
669 1281 791 1340 civitate
802 1282 1007 1358 expulissent.
1030 1300 1059 1334 10

112 1387 222 1462 Neque
246 1385 278 1443 id
306 1384 373 1444 sine
403 1393 496 1443 causi
526 1384 664 1443 arbitrari
693 1385 883 1443 videbantur.
930 1388 1009 1443 Nam

111 1498 275 1565 postquam
297 1487 444 1547 exercitui
465 1506 608 1563 praeesse
630 1498 782 1563 coeperat,
807 1507 906 1564 neque
929 1497 1009 1546 terra

66 1605 93 1656 '3
112 1612 212 1669 neque
227 1600 303 1649 mari
317 1592 423 1650 hostes
438 1598 528 1667 pares
548 1609 616 1649 esse
636 1601 807 1666 potuerant.
854 1593 915 1650 Hic
940 1600 973 1648 ut
993 1599 1009 1649 e

112 1705 183 1755 navi
202 1702 342 1772 egressus
358 1704 414 1766 est,
431 1714 616 1770 quamquam
631 1696 840 1754 Theramenes
863 1705 894 1754 at
916 1696 1009 1752 Thra-

112 1798 238 1877 sybulus
253 1797 363 1856 iisdem
378 1798 470 1857 ribus
485 1788 681 1874 praefuerant
696 1798 847 1874 simulque
863 1806 1009 1857 venerant
1031 1817 1058 1868 15

113 1902 143 1960 in
174 1904 324 1973 Piraeum,
343 1910 445 1960 tamen
476 1911 569 1979 imum
598 1910 704 1961 omnes
735 1903 817 1961 illum
847 1913 1009 1980 prbseque-

112 2007 232 2078 bantur,
250 2014 289 2077 et,
305 2004 338 2062 id
354 2004 436 2080 quod
451 2024 618 2081 numquam
635 2015 725 2065 anteri
742 2016 797 2065 usu
809 2015 935 2066 venerat
950 2008 1009 2066 nisi
1029 2001 1032 2006 ’

113 2107 273 2187 Olympiae
285 2107 460 2180 victoribus,
474 2116 596 2167 curcinis
612 2105 723 2167 laureis
736 2088 907 2187 taeniisque
920 2113 1009 2188 volgi)

112 2212 295 2272 diruebatur.
347 2211 403 2269 Ille
435 2211 606 2270 lacrimans·
636 2213 728 2271 talem
764 2215 1009 2273 benevolentiam

112 2315 224 2374 civium
239 2322 363 2374 suerum
380 2314 558 2390 accipiebat,
578 2315 777 2375 reminiscens
798 2317 918 2393 pristini
938 2327 1010 2377 tem·
1029 2333 1060 2366 20

78 2437 95 2486 4
112 2418 195 2495 poris
208 2417 415 2484 acerbitatem.
461 2420 629 2494 Postquam
641 2418 672 2476 in
683 2429 751 2478 astu
760 2421 852 2491 venit,
866 2422 1010 2480 cbntibne
1100 2478 1103 2483 .

113 2522 264 2581 advocata
287 2530 331 2580 sic
346 2521 441 2580 verba
462 2521 536 2579 fecit
562 2532 595 2579 ut
617 2529 707 2581 nemi)
729 2532 791 2581 tam
813 2524 897 2582 ferus
918 2526 1010 2585 fuerit

113 2634 187 2701 quin
213 2624 279 2683 eius
305 2633 391 2683 casui
420 2623 615 2683 inlacrimant
647 2625 863 2703 inimicumque
901 2627 938 2685 iis
977 2637 1010 2687 se

114 2727 283 2787 ostenderit
308 2734 436 2802 quinum
455 2736 549 2803 opera
571 2729 670 2804 patriai
692 2730 797 2806 pulsus
819 2731 928 2802 iuerat,
945 2752 1011 2807 pru

114 2831 184 2890 inde
200 2840 237 2890 ae
253 2839 280 2890 si
289 2830 372 2889 *alius
389 2831 528 2906 populus
547 2839 609 2890 nim
622 2832 671 2890 ille
685 2831 750 2908 ipse
762 2842 815 2909 qui
827 2843 891 2892 tum
904 2834 1006 2906 flebat,
1028 2846 1058 2898 25

81 2947 97 2996 5
114 2953 183 2993 eum
198 2933 339 3010 sacrilegi
354 2933 539 2992 damnasset.
585 2935 739 2993 Restituta
755 2944 828 3012 ergb
847 2935 919 2994 huic
939 2946 1012 2995 sunt

154 3102 170 3148 4
188 3087 304 3152 visendi,
323 3088 501 3151 videndi-5
521 3088 672 3152 cinflueret,
692 3087 909 3137 conamina-6
926 3090 1009 3154 silus,

115 3176 234 3219 anun-
248 3183 278 3233 19
306 3168 460 3228 lacrimans,
483 3171 605 3232 stann—
618 3185 649 3218 20
678 3171 798 3235 pristini,
823 3172 1012 3232 superinm-

117 3266 146 3301 22
163 3251 247 3318 ierus,
260 3253 378 3302 cradilt's.
388 3280 422 3288 -
432 3253 462 3301 26
480 3255 551 3317 ergb,
565 3255 653 3317 agitur.
