<?xml version="1.0" encoding="UTF-8"?>
<!DOCTYPE html PUBLIC "-//W3C//DTD XHTML 1.0 Transitional//EN"
    "http://www.w3.org/TR/xhtml1/DTD/xhtml1-transitional.dtd">
<html xmlns="http://www.w3.org/1999/xhtml" xml:lang="en" lang="en">
 <head>
  <title>
</title>
<meta http-equiv="Content-Type" content="text/html;charset=utf-8" />
  <meta name='ocr-system' content='tesseract 3.04.00' />
  <meta name='ocr-capabilities' content='ocr_page ocr_carea ocr_par ocr_line ocrx_word'/>
</head>
<body>
  <div class='ocr_page' id='page_1' title='image "./selectedlivesfr00robegoog_0089.png"; bbox 0 0 2294 3638; ppageno 0'>
   <div class='ocr_carea' id='block_1_1' title="bbox 100 211 689 263">
    <p class='ocr_par' dir='ltr' id='par_1_1' title="bbox 100 211 689 263">
     <span class='ocr_line' id='line_1_1' title="bbox 100 211 689 263; baseline -0.005 -1"><span class='ocrx_word' id='word_1_1' title='bbox 100 211 134 262; x_wconf 85' lang='lat'>64</span> <span class='ocrx_word' id='word_1_2' title='bbox 413 213 630 263; x_wconf 84' lang='lat' dir='ltr'>AGESILAUS.</span> <span class='ocrx_word' id='word_1_3' title='bbox 665 211 689 260; x_wconf 91' lang='lat'>8.</span> 
     </span>
    </p>
   </div>
   <div class='ocr_carea' id='block_1_2' title="bbox 70 379 1052 3043">
    <p class='ocr_par' dir='ltr' id='par_1_2' title="bbox 70 379 1052 3043">
     <span class='ocr_line' id='line_1_2' title="bbox 102 379 999 451; baseline -0.001 -14"><span class='ocrx_word' id='word_1_4' title='bbox 102 389 149 438; x_wconf 88' lang='lat' dir='ltr'>rat</span> <span class='ocrx_word' id='word_1_5' title='bbox 177 380 209 438; x_wconf 91' lang='lat' dir='ltr'>in</span> <span class='ocrx_word' id='word_1_6' title='bbox 239 381 410 440; x_wconf 85' lang='lat' dir='ltr'>tribuendis</span> <span class='ocrx_word' id='word_1_7' title='bbox 437 381 530 439; x_wconf 88' lang='lat' dir='ltr'>animi</span> <span class='ocrx_word' id='word_1_8' title='bbox 556 380 727 451; x_wconf 68' lang='lat' dir='ltr'>virtutibus</span> <span class='ocrx_word' id='word_1_9' title='bbox 755 389 799 438; x_wconf 86' lang='lat' dir='ltr'>sic</span> <span class='ocrx_word' id='word_1_10' title='bbox 829 379 999 437; x_wconf 90' lang='lat' dir='ltr'>maleficam</span> 
     </span>
     <span class='ocr_line' id='line_1_3' title="bbox 103 482 1000 563; baseline -0.001 -22"><span class='ocrx_word' id='word_1_11' title='bbox 103 493 212 542; x_wconf 90' lang='lat' dir='ltr'>nactus</span> <span class='ocrx_word' id='word_1_12' title='bbox 228 494 275 544; x_wconf 91' lang='lat' dir='ltr'>est</span> <span class='ocrx_word' id='word_1_13' title='bbox 291 484 322 542; x_wconf 91' lang='lat' dir='ltr'>in</span> <span class='ocrx_word' id='word_1_14' title='bbox 339 504 466 563; x_wconf 90' lang='lat' dir='ltr'>corpore</span> <span class='ocrx_word' id='word_1_15' title='bbox 481 484 646 562; x_wconf 79' lang='lat' dir='ltr'>fingende:</span> <span class='ocrx_word' id='word_1_16' title='bbox 670 502 741 541; x_wconf 89' lang='lat' dir='ltr'>narn</span> <span class='ocrx_word' id='word_1_17' title='bbox 760 493 791 541; x_wconf 94' lang='lat' dir='ltr'>et</span> <span class='ocrx_word' id='word_1_18' title='bbox 811 491 927 542; x_wconf 76' lang='lat' dir='ltr'>stature</span> <span class='ocrx_word' id='word_1_19' title='bbox 942 482 1000 540; x_wconf 82' lang='lat' dir='ltr'>fuit</span> 
     </span>
     <span class='ocr_line' id='line_1_4' title="bbox 103 571 998 666; baseline -0.002 -21"><span class='ocrx_word' id='word_1_20' title='bbox 103 587 210 645; x_wconf 87' lang='lat' dir='ltr'>humiii</span> <span class='ocrx_word' id='word_1_21' title='bbox 236 598 266 648; x_wconf 89' lang='lat' dir='ltr'>ct</span> <span class='ocrx_word' id='word_1_22' title='bbox 292 608 420 666; x_wconf 87' lang='lat' dir='ltr'>corpore</span> <span class='ocrx_word' id='word_1_23' title='bbox 446 588 557 666; x_wconf 82' lang='lat' dir='ltr'>exigue</span> <span class='ocrx_word' id='word_1_24' title='bbox 582 597 613 646; x_wconf 90' lang='lat' dir='ltr'>et</span> <span class='ocrx_word' id='word_1_25' title='bbox 637 587 765 645; x_wconf 89' lang='lat' dir='ltr'>claudus</span> <span class='ocrx_word' id='word_1_26' title='bbox 792 571 888 645; x_wconf 81' lang='lat' dir='ltr'>altere</span> <span class='ocrx_word' id='word_1_27' title='bbox 910 588 998 662; x_wconf 89' lang='lat' dir='ltr'>pede.</span> 
     </span>
     <span class='ocr_line' id='line_1_5' title="bbox 105 688 998 764; baseline -0.004 -15"><span class='ocrx_word' id='word_1_28' title='bbox 105 692 193 764; x_wconf 88' lang='lat' dir='ltr'>Quae</span> <span class='ocrx_word' id='word_1_29' title='bbox 208 699 257 750; x_wconf 90' lang='lat' dir='ltr'>res</span> <span class='ocrx_word' id='word_1_30' title='bbox 272 693 365 751; x_wconf 89' lang='lat' dir='ltr'>etiam</span> <span class='ocrx_word' id='word_1_31' title='bbox 389 691 568 751; x_wconf 83' lang='lat' dir='ltr'>nennullam</span> <span class='ocrx_word' id='word_1_32' title='bbox 584 691 744 749; x_wconf 84' lang='lat' dir='ltr'>adferebat</span> <span class='ocrx_word' id='word_1_33' title='bbox 763 688 998 760; x_wconf 69' lang='lat' dir='ltr'>deformitatem,</span> 
     </span>
     <span class='ocr_line' id='line_1_6' title="bbox 105 794 1048 872; baseline -0.003 -20"><span class='ocrx_word' id='word_1_34' title='bbox 105 804 198 870; x_wconf 90' lang='lat' dir='ltr'>atque</span> <span class='ocrx_word' id='word_1_35' title='bbox 214 802 318 872; x_wconf 79' lang='lat' dir='ltr'>igneti,</span> <span class='ocrx_word' id='word_1_36' title='bbox 334 795 446 854; x_wconf 85' lang='lat' dir='ltr'>faciem</span> <span class='ocrx_word' id='word_1_37' title='bbox 469 795 535 853; x_wconf 93' lang='lat' dir='ltr'>eius</span> <span class='ocrx_word' id='word_1_38' title='bbox 558 813 627 853; x_wconf 92' lang='lat' dir='ltr'>cum</span> <span class='ocrx_word' id='word_1_39' title='bbox 650 794 848 865; x_wconf 65' lang='lat' dir='ltr'>intuerentur,</span> <span class='ocrx_word' id='word_1_40' title='bbox 867 801 1001 851; x_wconf 92' lang='lat' dir='ltr'>contem·</span> <span class='ocrx_word' id='word_1_41' title='bbox 1036 808 1048 859; x_wconf 85' lang='lat'>5</span> 
     </span>
     <span class='ocr_line' id='line_1_7' title="bbox 106 898 1001 975; baseline -0.003 -19"><span class='ocrx_word' id='word_1_42' title='bbox 106 898 229 970; x_wconf 85' lang='lat' dir='ltr'>nebant,</span> <span class='ocrx_word' id='word_1_43' title='bbox 247 908 299 975; x_wconf 89' lang='lat' dir='ltr'>qui</span> <span class='ocrx_word' id='word_1_44' title='bbox 322 909 423 957; x_wconf 91' lang='lat' dir='ltr'>autem</span> <span class='ocrx_word' id='word_1_45' title='bbox 446 898 573 956; x_wconf 81' lang='lat' dir='ltr'>virtutes</span> <span class='ocrx_word' id='word_1_46' title='bbox 598 904 755 970; x_wconf 83' lang='lat' dir='ltr'>neverant,</span> <span class='ocrx_word' id='word_1_47' title='bbox 773 905 835 956; x_wconf 82' lang='lat' dir='ltr'>nen</span> <span class='ocrx_word' id='word_1_48' title='bbox 858 906 1001 973; x_wconf 83' lang='lat' dir='ltr'>poterant</span> 
     </span>
     <span class='ocr_line' id='line_1_8' title="bbox 70 1001 999 1076; baseline 0 -18"><span class='ocrx_word' id='word_1_49' title='bbox 70 1002 247 1060; x_wconf 76' lang='lat' dir='ltr'>2admirari</span> <span class='ocrx_word' id='word_1_50' title='bbox 270 1003 353 1061; x_wconf 88' lang='lat' dir='ltr'>satis.</span> <span class='ocrx_word' id='word_1_51' title='bbox 399 1004 492 1076; x_wconf 88' lang='lat' dir='ltr'>Quod</span> <span class='ocrx_word' id='word_1_52' title='bbox 515 1011 544 1060; x_wconf 89' lang='lat' dir='ltr'>ei</span> <span class='ocrx_word' id='word_1_53' title='bbox 566 1011 623 1060; x_wconf 77' lang='lat' dir='ltr'>usu</span> <span class='ocrx_word' id='word_1_54' title='bbox 649 1001 741 1074; x_wconf 88' lang='lat' dir='ltr'>venit,</span> <span class='ocrx_word' id='word_1_55' title='bbox 759 1021 826 1061; x_wconf 92' lang='lat' dir='ltr'>cum</span> <span class='ocrx_word' id='word_1_56' title='bbox 850 1009 999 1060; x_wconf 81' lang='lat' dir='ltr'>annerum</span> 
     </span>
     <span class='ocr_line' id='line_1_9' title="bbox 105 1105 999 1184; baseline -0.001 -22"><span class='ocrx_word' id='word_1_57' title='bbox 105 1105 264 1182; x_wconf 77' lang='lat' dir='ltr'>octeginta</span> <span class='ocrx_word' id='word_1_58' title='bbox 282 1106 422 1166; x_wconf 79' lang='lat' dir='ltr'>subsidie</span> <span class='ocrx_word' id='word_1_59' title='bbox 441 1107 548 1167; x_wconf 80' lang='lat' dir='ltr'>Tache</span> <span class='ocrx_word' id='word_1_60' title='bbox 570 1107 601 1165; x_wconf 90' lang='lat' dir='ltr'>in</span> <span class='ocrx_word' id='word_1_61' title='bbox 618 1110 792 1184; x_wconf 85' lang='lat' dir='ltr'>Aegyptum</span> <span class='ocrx_word' id='word_1_62' title='bbox 808 1105 894 1164; x_wconf 90' lang='lat' dir='ltr'>iisset</span> <span class='ocrx_word' id='word_1_63' title='bbox 917 1115 948 1163; x_wconf 88' lang='lat' dir='ltr'>et</span> <span class='ocrx_word' id='word_1_64' title='bbox 969 1105 999 1161; x_wconf 91' lang='lat' dir='ltr'>in</span> 
     </span>
     <span class='ocr_line' id='line_1_10' title="bbox 106 1210 1000 1284; baseline 0 -18"><span class='ocrx_word' id='word_1_65' title='bbox 106 1217 174 1268; x_wconf 77' lang='lat' dir='ltr'>acta</span> <span class='ocrx_word' id='word_1_66' title='bbox 186 1228 255 1267; x_wconf 91' lang='lat' dir='ltr'>cum</span> <span class='ocrx_word' id='word_1_67' title='bbox 271 1219 334 1268; x_wconf 86' lang='lat' dir='ltr'>suis</span> <span class='ocrx_word' id='word_1_68' title='bbox 350 1210 545 1270; x_wconf 88' lang='lat' dir='ltr'>accubuisset</span> <span class='ocrx_word' id='word_1_69' title='bbox 560 1211 627 1270; x_wconf 88' lang='lat' dir='ltr'>sine</span> <span class='ocrx_word' id='word_1_70' title='bbox 644 1210 705 1270; x_wconf 76' lang='lat' dir='ltr'>ulle</span> <span class='ocrx_word' id='word_1_71' title='bbox 717 1217 799 1269; x_wconf 81' lang='lat' dir='ltr'>tecte</span> <span class='ocrx_word' id='word_1_72' title='bbox 811 1217 1000 1284; x_wconf 77' lang='lat' dir='ltr'>stretumque</span> 
     </span>
     <span class='ocr_line' id='line_1_11' title="bbox 106 1306 1048 1389; baseline -0.003 -20"><span class='ocrx_word' id='word_1_73' title='bbox 106 1313 234 1371; x_wconf 82' lang='lat' dir='ltr'>haberet</span> <span class='ocrx_word' id='word_1_74' title='bbox 254 1306 317 1372; x_wconf 51' lang='lat' dir='ltr'>tale¹</span> <span class='ocrx_word' id='word_1_75' title='bbox 339 1323 372 1372; x_wconf 95' lang='lat' dir='ltr'>ut</span> <span class='ocrx_word' id='word_1_76' title='bbox 394 1324 475 1373; x_wconf 89' lang='lat' dir='ltr'>terra</span> <span class='ocrx_word' id='word_1_77' title='bbox 494 1321 575 1374; x_wconf 84' lang='lat' dir='ltr'>tecta</span> <span class='ocrx_word' id='word_1_78' title='bbox 598 1324 681 1373; x_wconf 90' lang='lat' dir='ltr'>esset</span> <span class='ocrx_word' id='word_1_79' title='bbox 703 1322 879 1372; x_wconf 75' lang='lat' dir='ltr'>stramentis</span> <span class='ocrx_word' id='word_1_80' title='bbox 902 1331 1048 1389; x_wconf 84' lang='lat' dir='ltr'>nequem</span> 
     </span>
     <span class='ocr_line' id='line_1_12' title="bbox 106 1409 1001 1494; baseline 0 -21"><span class='ocrx_word' id='word_1_81' title='bbox 106 1416 166 1474; x_wconf 82' lang='lat' dir='ltr'>huc</span> <span class='ocrx_word' id='word_1_82' title='bbox 191 1416 321 1492; x_wconf 91' lang='lat' dir='ltr'>amplius</span> <span class='ocrx_word' id='word_1_83' title='bbox 346 1437 436 1492; x_wconf 91' lang='lat' dir='ltr'>quam</span> <span class='ocrx_word' id='word_1_84' title='bbox 460 1418 549 1494; x_wconf 90' lang='lat' dir='ltr'>pellis</span> <span class='ocrx_word' id='word_1_85' title='bbox 575 1427 659 1477; x_wconf 88' lang='lat' dir='ltr'>esset</span> <span class='ocrx_word' id='word_1_86' title='bbox 684 1416 806 1488; x_wconf 91' lang='lat' dir='ltr'>iniecta,</span> <span class='ocrx_word' id='word_1_87' title='bbox 831 1409 1001 1492; x_wconf 79' lang='lat' dir='ltr'>eedemque</span> 
     </span>
     <span class='ocr_line' id='line_1_13' title="bbox 107 1520 1001 1596; baseline 0 -18"><span class='ocrx_word' id='word_1_88' title='bbox 107 1520 235 1579; x_wconf 79' lang='lat' dir='ltr'>comites</span> <span class='ocrx_word' id='word_1_89' title='bbox 261 1528 368 1580; x_wconf 81' lang='lat' dir='ltr'>omnes</span> <span class='ocrx_word' id='word_1_90' title='bbox 394 1521 612 1581; x_wconf 90' lang='lat' dir='ltr'>accubuissent</span> <span class='ocrx_word' id='word_1_91' title='bbox 639 1530 753 1580; x_wconf 80' lang='lat' dir='ltr'>vestitu</span> <span class='ocrx_word' id='word_1_92' title='bbox 777 1520 884 1579; x_wconf 87' lang='lat' dir='ltr'>humili</span> <span class='ocrx_word' id='word_1_93' title='bbox 910 1530 1001 1596; x_wconf 90' lang='lat' dir='ltr'>atque</span> 
     </span>
     <span class='ocr_line' id='line_1_14' title="bbox 107 1624 1001 1700; baseline -0.002 -18"><span class='ocrx_word' id='word_1_94' title='bbox 107 1624 256 1696; x_wconf 80' lang='lat' dir='ltr'>obsoiete,</span> <span class='ocrx_word' id='word_1_95' title='bbox 274 1634 307 1684; x_wconf 91' lang='lat' dir='ltr'>ut</span> <span class='ocrx_word' id='word_1_96' title='bbox 319 1632 423 1683; x_wconf 82' lang='lat' dir='ltr'>cerum</span> <span class='ocrx_word' id='word_1_97' title='bbox 439 1632 565 1684; x_wconf 78' lang='lat' dir='ltr'>ernatus</span> <span class='ocrx_word' id='word_1_98' title='bbox 586 1633 648 1684; x_wconf 82' lang='lat' dir='ltr'>nen</span> <span class='ocrx_word' id='word_1_99' title='bbox 669 1625 761 1684; x_wconf 92' lang='lat' dir='ltr'>modo</span> <span class='ocrx_word' id='word_1_100' title='bbox 782 1624 813 1682; x_wconf 93' lang='lat' dir='ltr'>in</span> <span class='ocrx_word' id='word_1_101' title='bbox 833 1624 882 1682; x_wconf 88' lang='lat' dir='ltr'>his</span> <span class='ocrx_word' id='word_1_102' title='bbox 900 1631 1001 1700; x_wconf 84' lang='lat' dir='ltr'>regem</span> 
     </span>
     <span class='ocr_line' id='line_1_15' title="bbox 108 1727 1001 1804; baseline 0.001 -19"><span class='ocrx_word' id='word_1_103' title='bbox 108 1727 261 1786; x_wconf 89' lang='lat' dir='ltr'>neminem</span> <span class='ocrx_word' id='word_1_104' title='bbox 278 1728 472 1804; x_wconf 75' lang='lat' dir='ltr'>significaret,</span> <span class='ocrx_word' id='word_1_105' title='bbox 490 1730 545 1788; x_wconf 88' lang='lat' dir='ltr'>scd</span> <span class='ocrx_word' id='word_1_106' title='bbox 567 1729 707 1788; x_wconf 87' lang='lat' dir='ltr'>homines</span> <span class='ocrx_word' id='word_1_107' title='bbox 726 1735 788 1788; x_wconf 79' lang='lat' dir='ltr'>nen</span> <span class='ocrx_word' id='word_1_108' title='bbox 807 1728 1001 1788; x_wconf 79' lang='lat' dir='ltr'>beetissimes</span> 
     </span>
     <span class='ocr_line' id='line_1_16' title="bbox 73 1831 1049 1909; baseline -0.005 -20"><span class='ocrx_word' id='word_1_109' title='bbox 73 1831 177 1890; x_wconf 88' lang='lat' dir='ltr'>3esse</span> <span class='ocrx_word' id='word_1_110' title='bbox 207 1831 415 1908; x_wconf 81' lang='lat' dir='ltr'>suspicienem</span> <span class='ocrx_word' id='word_1_111' title='bbox 444 1834 613 1909; x_wconf 88' lang='lat' dir='ltr'>praeberet.</span> <span class='ocrx_word' id='word_1_112' title='bbox 677 1831 779 1890; x_wconf 81' lang='lat' dir='ltr'>Huius</span> <span class='ocrx_word' id='word_1_113' title='bbox 805 1832 843 1890; x_wconf 93' lang='lat' dir='ltr'>de</span> <span class='ocrx_word' id='word_1_114' title='bbox 870 1831 1002 1890; x_wconf 85' lang='lat' dir='ltr'>adventu</span> <span class='ocrx_word' id='word_1_115' title='bbox 1022 1850 1049 1902; x_wconf 76' lang='lat'>15</span> 
     </span>
     <span class='ocr_line' id='line_1_17' title="bbox 107 1932 1003 2012; baseline 0.001 -21"><span class='ocrx_word' id='word_1_116' title='bbox 107 1935 190 1992; x_wconf 78' lang='lat' dir='ltr'>fama</span> <span class='ocrx_word' id='word_1_117' title='bbox 210 1953 279 1994; x_wconf 92' lang='lat' dir='ltr'>cum</span> <span class='ocrx_word' id='word_1_118' title='bbox 300 1935 338 1993; x_wconf 94' lang='lat' dir='ltr'>ad</span> <span class='ocrx_word' id='word_1_119' title='bbox 359 1935 459 2012; x_wconf 81' lang='lat' dir='ltr'>regies</span> <span class='ocrx_word' id='word_1_120' title='bbox 478 1945 561 1994; x_wconf 90' lang='lat' dir='ltr'>esset</span> <span class='ocrx_word' id='word_1_121' title='bbox 581 1936 708 2012; x_wconf 74' lang='lat' dir='ltr'>perlata,</span> <span class='ocrx_word' id='word_1_122' title='bbox 725 1932 863 1995; x_wconf 84' lang='lat' dir='ltr'>celeriter</span> <span class='ocrx_word' id='word_1_123' title='bbox 879 1945 1003 1994; x_wconf 87' lang='lat' dir='ltr'>munera</span> 
     </span>
     <span class='ocr_line' id='line_1_18' title="bbox 108 2038 1003 2116; baseline 0 -20"><span class='ocrx_word' id='word_1_124' title='bbox 108 2045 145 2097; x_wconf 75' lang='lat' dir='ltr'>ef)</span> <span class='ocrx_word' id='word_1_125' title='bbox 160 2038 308 2114; x_wconf 81' lang='lat' dir='ltr'>cuiusque</span> <span class='ocrx_word' id='word_1_126' title='bbox 323 2039 444 2116; x_wconf 89' lang='lat' dir='ltr'>generis</span> <span class='ocrx_word' id='word_1_127' title='bbox 463 2049 534 2099; x_wconf 93' lang='lat' dir='ltr'>sunt</span> <span class='ocrx_word' id='word_1_128' title='bbox 553 2039 663 2098; x_wconf 80' lang='lat' dir='ltr'>adleta.</span> <span class='ocrx_word' id='word_1_129' title='bbox 710 2041 770 2097; x_wconf 89' lang='lat' dir='ltr'>His</span> <span class='ocrx_word' id='word_1_130' title='bbox 786 2038 1003 2114; x_wconf 87' lang='lat' dir='ltr'>quaerentibus</span> 
     </span>
     <span class='ocr_line' id='line_1_19' title="bbox 108 2140 1004 2217; baseline -0.001 -20"><span class='ocrx_word' id='word_1_131' title='bbox 108 2140 285 2217; x_wconf 81' lang='lat' dir='ltr'>Agesilaum</span> <span class='ocrx_word' id='word_1_132' title='bbox 301 2140 351 2199; x_wconf 86' lang='lat' dir='ltr'>vix</span> <span class='ocrx_word' id='word_1_133' title='bbox 365 2141 442 2199; x_wconf 86' lang='lat' dir='ltr'>fides</span> <span class='ocrx_word' id='word_1_134' title='bbox 458 2142 540 2200; x_wconf 82' lang='lat' dir='ltr'>iacta</span> <span class='ocrx_word' id='word_1_135' title='bbox 558 2151 605 2200; x_wconf 91' lang='lat' dir='ltr'>est</span> <span class='ocrx_word' id='word_1_136' title='bbox 620 2151 713 2200; x_wconf 85' lang='lat' dir='ltr'>unum</span> <span class='ocrx_word' id='word_1_137' title='bbox 739 2159 808 2200; x_wconf 91' lang='lat' dir='ltr'>esse</span> <span class='ocrx_word' id='word_1_138' title='bbox 832 2159 870 2200; x_wconf 87' lang='lat' dir='ltr'>ex</span> <span class='ocrx_word' id='word_1_139' title='bbox 890 2140 927 2200; x_wconf 84' lang='lat' dir='ltr'>iis</span> <span class='ocrx_word' id='word_1_140' title='bbox 953 2149 1004 2217; x_wconf 85' lang='lat' dir='ltr'>qui</span> 
     </span>
     <span class='ocr_line' id='line_1_20' title="bbox 73 2244 1005 2322; baseline 0.001 -21"><span class='ocrx_word' id='word_1_141' title='bbox 73 2253 90 2301; x_wconf 82' lang='lat'>4</span> <span class='ocrx_word' id='word_1_142' title='bbox 108 2253 172 2301; x_wconf 91' lang='lat' dir='ltr'>tum</span> <span class='ocrx_word' id='word_1_143' title='bbox 188 2244 389 2303; x_wconf 74' lang='lat' dir='ltr'>accubabant.</span> <span class='ocrx_word' id='word_1_144' title='bbox 436 2245 577 2317; x_wconf 88' lang='lat' dir='ltr'>Quicum</span> <span class='ocrx_word' id='word_1_145' title='bbox 595 2244 675 2322; x_wconf 85' lang='lat' dir='ltr'>regis</span> <span class='ocrx_word' id='word_1_146' title='bbox 687 2245 789 2303; x_wconf 86' lang='lat' dir='ltr'>verbis</span> <span class='ocrx_word' id='word_1_147' title='bbox 805 2245 1005 2320; x_wconf 86' lang='lat' dir='ltr'>quae-attuie-</span> 
     </span>
     <span class='ocr_line' id='line_1_21' title="bbox 108 2347 1051 2423; baseline -0.003 -19"><span class='ocrx_word' id='word_1_148' title='bbox 108 2357 176 2406; x_wconf 91' lang='lat' dir='ltr'>rant</span> <span class='ocrx_word' id='word_1_149' title='bbox 200 2347 368 2419; x_wconf 81' lang='lat' dir='ltr'>dedissent,</span> <span class='ocrx_word' id='word_1_150' title='bbox 392 2347 442 2406; x_wconf 90' lang='lat' dir='ltr'>ille</span> <span class='ocrx_word' id='word_1_151' title='bbox 467 2357 588 2423; x_wconf 91' lang='lat' dir='ltr'>praeter</span> <span class='ocrx_word' id='word_1_152' title='bbox 613 2347 772 2406; x_wconf 86' lang='lat' dir='ltr'>vitulinam</span> <span class='ocrx_word' id='word_1_153' title='bbox 787 2357 828 2423; x_wconf 17' lang='lat' dir='ltr'>*et</span> <span class='ocrx_word' id='word_1_154' title='bbox 854 2347 1005 2407; x_wconf 85' lang='lat' dir='ltr'>eiusmodi</span> <span class='ocrx_word' id='word_1_155' title='bbox 1023 2368 1051 2402; x_wconf 84' lang='lat'>20</span> 
     </span>
     <span class='ocr_line' id='line_1_22' title="bbox 108 2451 1003 2527; baseline 0 -19"><span class='ocrx_word' id='word_1_156' title='bbox 108 2470 221 2527; x_wconf 88' lang='lat' dir='ltr'>genera</span> <span class='ocrx_word' id='word_1_157' title='bbox 243 2451 361 2522; x_wconf 65' lang='lat' dir='ltr'>obsoni,</span> <span class='ocrx_word' id='word_1_158' title='bbox 385 2470 463 2526; x_wconf 87' lang='lat' dir='ltr'>quae</span> <span class='ocrx_word' id='word_1_159' title='bbox 485 2458 632 2526; x_wconf 78' lang='lat' dir='ltr'>praesens</span> <span class='ocrx_word' id='word_1_160' title='bbox 656 2461 776 2527; x_wconf 91' lang='lat' dir='ltr'>tempus</span> <span class='ocrx_word' id='word_1_161' title='bbox 799 2451 1003 2521; x_wconf 81' lang='lat' dir='ltr'>desiderabat,</span> 
     </span>
     <span class='ocr_line' id='line_1_23' title="bbox 108 2554 1005 2630; baseline 0 -19"><span class='ocrx_word' id='word_1_162' title='bbox 108 2554 183 2611; x_wconf 91' lang='lat' dir='ltr'>nihil</span> <span class='ocrx_word' id='word_1_163' title='bbox 200 2554 330 2630; x_wconf 88' lang='lat' dir='ltr'>accepit;</span> <span class='ocrx_word' id='word_1_164' title='bbox 351 2565 516 2630; x_wconf 86' lang='lat' dir='ltr'>unguenta,</span> <span class='ocrx_word' id='word_1_165' title='bbox 532 2561 663 2613; x_wconf 72' lang='lat' dir='ltr'>cotenes</span> <span class='ocrx_word' id='word_1_166' title='bbox 680 2555 909 2630; x_wconf 90' lang='lat' dir='ltr'>secundamque</span> <span class='ocrx_word' id='word_1_167' title='bbox 925 2561 1005 2613; x_wconf 82' lang='lat' dir='ltr'>men-</span> 
     </span>
     <span class='ocr_line' id='line_1_24' title="bbox 74 2657 1005 2733; baseline -0.001 -16"><span class='ocrx_word' id='word_1_168' title='bbox 74 2669 173 2717; x_wconf 84' lang='lat' dir='ltr'>5sam</span> <span class='ocrx_word' id='word_1_169' title='bbox 203 2667 297 2716; x_wconf 89' lang='lat' dir='ltr'>servis</span> <span class='ocrx_word' id='word_1_170' title='bbox 327 2657 489 2733; x_wconf 82' lang='lat' dir='ltr'>dispertiit,</span> <span class='ocrx_word' id='word_1_171' title='bbox 522 2665 624 2715; x_wconf 90' lang='lat' dir='ltr'>cetera</span> <span class='ocrx_word' id='word_1_172' title='bbox 654 2658 759 2716; x_wconf 85' lang='lat' dir='ltr'>referri</span> <span class='ocrx_word' id='word_1_173' title='bbox 788 2657 886 2717; x_wconf 77' lang='lat' dir='ltr'>iussit.</span> <span class='ocrx_word' id='word_1_174' title='bbox 935 2658 1005 2731; x_wconf 81' lang='lat' dir='ltr'>Que</span> 
     </span>
     <span class='ocr_line' id='line_1_25' title="bbox 81 2760 1004 2837; baseline 0 -19"><span class='ocrx_word' id='word_1_175' title='bbox 81 2762 190 2820; x_wconf 59' lang='lat' dir='ltr'>tacte</span> <span class='ocrx_word' id='word_1_176' title='bbox 227 2781 295 2820; x_wconf 92' lang='lat' dir='ltr'>eum</span> <span class='ocrx_word' id='word_1_177' title='bbox 332 2761 453 2819; x_wconf 87' lang='lat' dir='ltr'>barbari</span> <span class='ocrx_word' id='word_1_178' title='bbox 490 2761 587 2836; x_wconf 86' lang='lat' dir='ltr'>magis</span> <span class='ocrx_word' id='word_1_179' title='bbox 621 2760 713 2818; x_wconf 89' lang='lat' dir='ltr'>etiam</span> <span class='ocrx_word' id='word_1_180' title='bbox 746 2768 1004 2837; x_wconf 89' lang='lat' dir='ltr'>contempserunt,</span> 
     </span>
     <span class='ocr_line' id='line_1_26' title="bbox 109 2863 1052 2941; baseline -0.005 -19"><span class='ocrx_word' id='word_1_181' title='bbox 109 2866 191 2941; x_wconf 91' lang='lat' dir='ltr'>quod</span> <span class='ocrx_word' id='word_1_182' title='bbox 214 2884 284 2923; x_wconf 93' lang='lat' dir='ltr'>eum</span> <span class='ocrx_word' id='word_1_183' title='bbox 307 2865 479 2941; x_wconf 79' lang='lat' dir='ltr'>ignerantia</span> <span class='ocrx_word' id='word_1_184' title='bbox 507 2864 656 2922; x_wconf 72' lang='lat' dir='ltr'>bonerum</span> <span class='ocrx_word' id='word_1_185' title='bbox 683 2871 783 2922; x_wconf 83' lang='lat' dir='ltr'>rerum</span> <span class='ocrx_word' id='word_1_186' title='bbox 809 2863 861 2922; x_wconf 90' lang='lat' dir='ltr'>illa</span> <span class='ocrx_word' id='word_1_187' title='bbox 886 2863 1006 2940; x_wconf 92' lang='lat' dir='ltr'>potissi·</span> <span class='ocrx_word' id='word_1_188' title='bbox 1024 2882 1052 2934; x_wconf 84' lang='lat'>25</span> 
     </span>
     <span class='ocr_line' id='line_1_27' title="bbox 108 2966 628 3043; baseline -0.002 -18"><span class='ocrx_word' id='word_1_189' title='bbox 108 2987 190 3026; x_wconf 91' lang='lat' dir='ltr'>mum</span> <span class='ocrx_word' id='word_1_190' title='bbox 208 2968 376 3043; x_wconf 82' lang='lat' dir='ltr'>sumpsisse</span> <span class='ocrx_word' id='word_1_191' title='bbox 394 2966 628 3026; x_wconf 78' lang='lat' dir='ltr'>arbitrabantur.</span> 
     </span>
    </p>
   </div>
   <div class='ocr_carea' id='block_1_3' title="bbox 104 3120 1008 3350">
    <p class='ocr_par' dir='ltr' id='par_1_3' title="bbox 104 3120 1008 3350">
     <span class='ocr_line' id='line_1_28' title="bbox 151 3120 1008 3184; baseline 0.006 -17"><span class='ocrx_word' id='word_1_192' title='bbox 151 3135 160 3167; x_wconf 86' lang='lat' dir='ltr'>r</span> <span class='ocrx_word' id='word_1_193' title='bbox 181 3121 342 3184; x_wconf 83' lang='lat' dir='ltr'>tribuendis,</span> <span class='ocrx_word' id='word_1_194' title='bbox 360 3120 524 3184; x_wconf 71' lang='lat' dir='ltr'>cenfercndt&#39;s.</span> <span class='ocrx_word' id='word_1_195' title='bbox 534 3133 589 3180; x_wconf 88' lang='lat'>-9</span> <span class='ocrx_word' id='word_1_196' title='bbox 607 3121 678 3183; x_wconf 71' lang='lat' dir='ltr'>acti,</span> <span class='ocrx_word' id='word_1_197' title='bbox 692 3121 771 3167; x_wconf 80' lang='lat' dir='ltr'>litore.</span> <span class='ocrx_word' id='word_1_198' title='bbox 780 3149 813 3156; x_wconf 94' lang='lat'><strong>—</strong></span> <span class='ocrx_word' id='word_1_199' title='bbox 824 3134 852 3180; x_wconf 78' lang='lat'>14</span> <span class='ocrx_word' id='word_1_200' title='bbox 872 3120 1008 3184; x_wconf 74' lang='lat' dir='ltr'>significi·</span> 
     </span>
     <span class='ocr_line' id='line_1_29' title="bbox 107 3202 1005 3269; baseline 0.006 -19"><span class='ocrx_word' id='word_1_201' title='bbox 107 3207 157 3269; x_wconf 82' lang='lat' dir='ltr'>ret,</span> <span class='ocrx_word' id='word_1_202' title='bbox 183 3206 396 3267; x_wconf 69' lang='lat' dir='ltr'>indiceret—23</span> <span class='ocrx_word' id='word_1_203' title='bbox 424 3202 572 3267; x_wconf 79' lang='lat' dir='ltr'>dispertiit,</span> <span class='ocrx_word' id='word_1_204' title='bbox 594 3203 811 3268; x_wconf 65' lang='lat' dir='ltr'>distribuit-25</span> <span class='ocrx_word' id='word_1_205' title='bbox 840 3204 1005 3268; x_wconf 68' lang='lat' dir='ltr'>ignerantii,</span> 
     </span>
     <span class='ocr_line' id='line_1_30' title="bbox 104 3286 647 3350; baseline 0 -16"><span class='ocrx_word' id='word_1_206' title='bbox 104 3290 246 3335; x_wconf 64' lang='lat' dir='ltr'>basrientid.</span> <span class='ocrx_word' id='word_1_207' title='bbox 256 3316 289 3322; x_wconf 95' lang='lat'>—</span> <span class='ocrx_word' id='word_1_208' title='bbox 298 3287 329 3335; x_wconf 84' lang='lat'>26</span> <span class='ocrx_word' id='word_1_209' title='bbox 348 3287 506 3350; x_wconf 64' lang='lat' dir='ltr'>sumpsisse,</span> <span class='ocrx_word' id='word_1_210' title='bbox 521 3286 647 3346; x_wconf 64' lang='lat' dir='ltr'>delegisse.</span> 
     </span>
    </p>
   </div>
   <div class='ocr_carea' id='block_1_4' title="bbox 0 0 1165 3638">
    <p class='ocr_par' dir='ltr' id='par_1_4' title="bbox 0 0 1165 3638">
     <span class='ocr_line' id='line_1_31' title="bbox 0 0 1165 3638; baseline 0 0"><span class='ocrx_word' id='word_1_211' title='bbox 0 0 1165 3638; x_wconf 95' lang='lat' dir='ltr'> </span> 
     </span>
    </p>
   </div>
  </div>
 </body>
</html>
