2294 3638
327 147 623 196 THEMISTOCLES.
662 161 684 203 2,
698 161 721 210 3,
735 162 757 207 4.
958 146 987 196 ll

95 337 165 378 esse
188 316 342 393 Apollinis
365 316 451 374 utin
475 322 570 374 neves
596 323 629 374 se
654 334 770 391 suaque
794 316 987 374 conferrent:

60 433 77 482 8
95 439 164 480 eum
185 420 265 479 enim
285 429 303 479 ai
322 421 381 479 dee
404 419 570 496 significeri
592 429 709 477 murum
731 419 874 496 ligneum.
919 419 989 477 Teli

94 523 224 582 censilie
239 523 370 599 probete
386 522 505 580 addunt
517 522 554 579 ad
568 521 740 597 superieres
753 521 881 580 totidem
894 529 988 581 neves

94 627 240 698 triremes,
254 645 371 703 suaque
383 624 487 683 omnia
499 643 578 700 quae
591 631 705 683 moveri
717 633 867 700 poterant,
877 624 988 701 partim

96 730 260 802 Salamina,
276 727 387 804 partim
402 729 561 786 Troezena
577 727 758 803 deportant:
775 746 875 786 arcem
891 747 989 787 sacer·
1026 746 1038 797 5

94 832 219 893 dotibus
241 841 410 908 paucisque
432 830 600 890 meieribus
623 839 696 888 netu
717 831 756 888 ad
777 849 864 889 sacra
883 839 989 907 prece-

93 936 191 995 randa
205 935 339 1006 tredunt,
356 934 506 1010 reliquum
522 933 669 1009 oppidum
686 933 869 1011 relinquunt.

55 1039 78 1098 3
137 1039 238 1098 Huius
254 1038 416 1098 censilium
431 1037 586 1114 plerisque
606 1036 782 1096 civitatibus
805 1037 989 1114 displicebat

94 1153 125 1202 et
147 1142 178 1200 in
201 1151 281 1201 terre
303 1141 441 1200 dimiceri
464 1141 561 1218 magis
581 1140 731 1217 placebat.
777 1144 887 1218 Itaque
903 1151 989 1201 missi

95 1257 167 1306 sunt
187 1247 298 1306 delecti
320 1264 389 1303 cum
409 1245 557 1317 Leenidai,
576 1245 891 1305 Lacedaemonierum
907 1253 987 1323 rege,
1009 1271 1038 1305 10

94 1359 147 1427 qui
170 1349 393 1427 Thermopylas
418 1353 607 1424 occuparent
632 1349 816 1426 longiusque
839 1350 988 1410 barbares

94 1453 235 1531 pregredi
251 1459 313 1512 non
329 1461 524 1528 paterentur.¹
554 1455 581 1510 Ii
596 1451 657 1511 vim
672 1452 807 1511 hostium
822 1461 884 1512 nen
901 1454 989 1513 susti-

60 1564 226 1616 2nuerunt
248 1564 347 1636 eoque
369 1557 438 1616 loce
458 1566 566 1618 omnes
589 1558 777 1619 interierunt.
823 1564 864 1618 At
880 1558 988 1618 classis

94 1661 264 1721 communis
290 1662 442 1749 ‚Graeciae
475 1672 680 1723 trecenterum
710 1663 842 1736 navium,
870 1663 901 1721 in
928 1671 989 1740 que

94 1766 245 1826 ducentae
268 1775 356 1824 erant
378 1767 623 1841 Atheniensium,
644 1777 775 1844 primum
798 1767 881 1844 apud
903 1769 1038 1840 Arte-15

95 1869 216 1929 misium
231 1869 312 1929 inter
329 1869 485 1930 Euboeam
505 1871 777 1949 continentemque
793 1881 905 1930 terram
919 1889 989 1929 cum

95 1974 260 2034 classiariis
282 1974 373 2052 regiis
396 1975 541 2035 cenflixit.
587 1975 756 2053 Angustias
772 1974 854 2033 enim
869 1973 991 2033 Themi-

61 2079 78 2130 3
95 2078 208 2137 stocles
224 2078 401 2155 quaerebat,
419 2086 457 2138 ne
472 2078 668 2138 multitudine
684 2079 900 2138 circumiretur.
927 2079 989 2135 Hic

95 2190 154 2240 etsi
168 2190 234 2257 pari
248 2181 365 2258 proelie
380 2182 596 2255 discesserant,
608 2192 712 2241 tamen
724 2184 833 2242 eedem
845 2181 915 2241 loce
926 2189 989 2240 nen

96 2293 168 2343 sunt
190 2294 256 2344 ausi
278 2293 410 2357 manere,
427 2286 511 2362 quod
534 2295 598 2344 erat
618 2287 786 2362 periculum
806 2293 853 2358 ne,
871 2294 897 2344 si
918 2303 989 2361 pars
1009 2305 1040 2340 20

96 2388 219 2447 nevium
234 2389 477 2448 adversariorum
491 2390 647 2448 Euboeam
664 2399 849 2466 superasset,
864 2387 990 2465 ancipiti

61 2494 79 2544 4
95 2502 305 2566 premerentur
326 2493 471 2569 pericule.
516 2493 588 2566 Qud
607 2493 722 2551 factum
739 2502 786 2551 est
801 2502 834 2551 ut
850 2493 888 2551 ab
905 2495 991 2550 Arte·

96 2593 185 2654 misici
214 2595 410 2655 discederent
439 2605 470 2654 et
499 2596 701 2655 exadversum
734 2596 875 2654 Athenas
909 2596 990 2672 apud

97 2698 253 2757 Salamina
268 2698 399 2757 classem
415 2710 502 2756 suam
518 2698 749 2758 constituerent.

55 2799 80 2857 4
139 2803 181 2859 At
217 2803 334 2860 Xerxes
371 2801 585 2880 Thermopylis
625 2811 807 2879 expugnetis
850 2801 990 2878 pretinus
1010 2819 1040 2870 ²5

96 2903 228 2963 accessit
244 2914 313 2963 astri
328 2904 429 2981 idque,
447 2906 538 2963 nullis
554 2905 803 2977 defendentibus,
821 2905 991 2964 interiectis

136 3071 151 3120 3
163 3057 324 3121 superieres,
330 3059 439 3118 priores.
447 3084 481 3092 -
491 3071 516 3104 11
532 3060 701 3122 occuperent,
712 3063 870 3106 tenemur—
881 3071 908 3107 12
921 3058 989 3122 vim,

95 3141 362 3200 multudinem-17
371 3139 528 3204 classiariis,
536 3143 611 3202 copiis
619 3140 827 3189 vicinalibus-18
834 3142 1001 3205 quaetebub,

81 3224 195 3286 'petebat
205 3250 239 3259 -
248 3222 439 3288 circumiretur,
455 3223 626 3274 clauderetur.
636 3254 671 3262 —
682 3224 715 3276 26
726 3223 908 3286 interiectis,
918 3226 1021 3270 occisis·
