2294 3638
103 212 137 262 44
255 240 260 246 -
365 211 649 262 Ernnmonuns.
684 226 707 278 3,
719 227 743 274 4.

105 378 136 437 in
166 388 271 456 primis
300 388 465 439 commissa
495 380 608 453 celans,
641 381 725 456 quod
755 380 909 441 interdum
937 389 999 442 non

105 483 205 541 minus
225 484 351 559 prodest
370 502 461 558 quam
481 482 594 542 diserte
614 483 724 557 dicere,
742 484 900 544 studiosus
920 485 1002 544 audi-

105 587 198 645 endi:
232 605 269 644 ex
297 587 357 645 hoc
386 585 468 644 enim
499 585 645 645 facillime
678 573 756 646 disci
788 587 999 648 arbitrabatur.

71 692 216 764 31taque
237 707 305 748 cum
326 689 358 747 in
378 689 524 748 circulum
539 688 675 748 venisset
698 689 729 747 in
753 699 815 766 quo
836 681 891 750 aut*
909 692 949 751 de
969 699 1002 751 re

106 792 228 869 publica
241 792 450 868 disputaretur
464 802 517 851 aut
532 793 571 879 de
586 792 783 870 philosophia
795 802 896 854 sermo
911 796 1002 855 habe
1037 813 1048 864 5

106 904 195 969 retur,
209 915 376 971 numquam
392 895 464 954 inde
479 895 563 972 prius
579 895 722 956 discessit
733 916 826 973 quam
848 899 888 958 ad
907 900 1003 958 finem

72 1007 207 1058 ssermo
235 1009 318 1058 esset
347 999 508 1059 adductus.
565 992 783 1076 Paupertatem
807 1001 887 1061 adeo
911 1002 1003 1061 facile

106 1121 270 1180 perpessus
286 1111 334 1161 est
349 1112 383 1162 ut
397 1103 436 1162 de
451 1102 618 1179 republica
633 1103 709 1160 nihil
729 1113 852 1180 praeter
875 1105 1002 1183 gloriam

106 1206 231 1283 ceperit.
280 1208 458 1265 Amicorum
482 1205 514 1264 in
539 1213 572 1266 se
596 1207 712 1266 tuendo
736 1208 834 1267 caruit
856 1209 1004 1269 facultati-

106 1311 173 1382 buS,
196 1310 258 1369 fide
285 1309 325 1368 ad
348 1309 425 1369 alios
449 1310 658 1370 sublevandos
681 1329 773 1387 saepe
796 1320 841 1370 sic
862 1322 936 1372 fisus
958 1323 1005 1373 est
1024 1338 1051 1372 10

107 1423 141 1472 ut
156 1413 283 1472 iudicari
306 1413 405 1490 possit
427 1413 531 1471 omnia
553 1422 581 1473 ei
602 1397 671 1472 cum
692 1423 799 1474 amicis
813 1415 910 1476 fuisse
926 1435 1005 1475 com-

74 1517 219 1576 5mr'1nia.
271 1518 352 1576 Nam
374 1535 444 1577 cum
466 1526 519 1576 aut
540 1516 651 1576 civium
679 1525 802 1577 suorum
829 1518 940 1596 aliquis
966 1521 1005 1578 ab

107 1620 249 1680 hostibus
267 1630 350 1681 esset
368 1630 486 1698 captus,
504 1630 557 1680 aut
571 1620 657 1698 virgo
677 1629 767 1680 amici
787 1622 909 1696 nubilis,
927 1643 1005 1700 quae

108 1734 232 1801 propter
243 1733 455 1801 paupertatem
465 1725 621 1784 conlocari
633 1731 696 1784 non
711 1734 825 1801 posset,
839 1734 1005 1786 amicorum

108 1828 269 1887 consilium
292 1829 428 1887 habebat
449 1837 488 1901 et,
511 1837 659 1904 quantum
682 1828 813 1905 quisque
832 1829 928 1898 daret,
951 1838 1006 1908 pro
1025 1851 1052 1905 15

74 1942 92 1992 6
107 1931 306 1990 facultatibus
319 1931 498 2008 imperabat.
541 1933 678 2008 Eamque
694 1950 844 1990 summam
856 1951 925 1992 cum
937 1941 1006 1992 con-

108 2036 230 2107 fecerat,
254 2034 431 2111 priusquam
458 2033 613 2111 acciperet
637 2034 808 2111 pecuniam,
832 2037 1006 2096 adducebat

109 2157 178 2198 eum
205 2147 257 2214 qui
280 2139 448 2215 quaerebat
474 2137 514 2196 ad
536 2145 591 2197 eos
616 2146 669 2214 qui
690 2139 899 2214 conterebant,
917 2149 1007 2216 eique

109 2252 143 2301 ut
158 2241 216 2318 ipsi
232 2251 435 2314 numerarent,
453 2240 596 2314 faciebat,
613 2251 646 2300 ut
663 2241 722 2315 ille,
740 2243 780 2300 ad
795 2261 886 2318 quem
905 2263 942 2303 ea
958 2251 1007 2302 res

109 2345 316 2421 perveniebat,
334 2353 425 2404 sciret
441 2353 590 2420 quantum
605 2344 716 2421 cuique
731 2344 867 2406 deberet.
1024 2370 1053 2405 20

72 2451 96 2510 4
150 2452 284 2509 Tentata
300 2456 402 2506 autem
417 2446 484 2507 eius
500 2454 548 2506 est
563 2447 752 2507 abstinentia
766 2457 785 2507 ῖι
798 2448 1006 2510 Diomedonte

111 2552 283 2631 Cyziceno:
306 2533 439 2627 namque
459 2551 486 2609 is
506 2559 615 2628 rogatu
631 2551 810 2612 Artaxerxis
831 2553 912 2631 regis
931 2556 1006 2631 Epa-

109 2656 287 2715 minondam
303 2654 434 2731 pecunia
450 2655 706 2730 corrumpendum
722 2661 910 2732 susceperat.
945 2659 1007 2715 Hic

110 2767 222 2837 magno
237 2777 308 2817 cum
322 2758 459 2835 pondere
476 2766 540 2815 auri
553 2758 678 2817 Thebas
688 2757 772 2817 venit
786 2767 818 2817 et
834 2758 1006 2839 Micythum

111 2861 376 2922 adulescentulum
399 2871 534 2938 quinque
550 2862 675 2919 talentis
695 2861 735 2920 ad
756 2880 843 2920 suam
865 2862 1006 2939 perduxit
1025 2885 1053 2937 ²5

110 2967 308 3038 voluntatem,
326 2984 417 3042 quem
438 2973 502 3023 tum
519 2964 750 3040 Epaminondas
765 2964 927 3041 plurimum
942 2966 1006 3026 dili-

152 3145 167 3194 3
184 3129 377 3193 arbitrabitur,
395 3128 511 3175 censebat.
521 3126 578 3175 -6
595 3126 731 3192 discessit,
749 3127 860 3175 abiit.-
870 3143 900 3178 10
919 3130 1008 3181 suble-

110 3216 222 3278 vandos,
241 3208 487 3262 adiuvandae-18
508 3206 691 3274 obsistebant,
709 3210 893 3261 dabant.-26
911 3212 1007 3277 diligi-

111 3298 168 3360 bat,
180 3297 288 3344 amdbat.
