2294 3638
400 223 605 271 HANNIBAL.
643 237 680 280 12,
696 236 732 286 ¹3·
982 220 1013 273 77

80 399 98 448 5
116 390 316 449 obsideretur„
363 392 441 447 Puer
456 409 525 447 cum
542 389 681 448 celeriter
703 387 778 465 quid
800 399 884 447 esset
905 398 1012 447 renun-

115 493 226 553 tiasset
238 500 406 568 omnesque
419 493 517 551 exitus
530 500 697 568 occupatos
707 492 904 565 ostendisset,
916 495 1013 553 sensit

116 596 148 655 id
164 604 226 655 non
241 597 367 655 fortuito
380 597 503 668 factum,
518 597 572 654 sed
587 603 619 654 se
635 605 699 672 peti
715 614 814 672 neque
827 597 886 655 sibi
898 598 1012 656 diutius

117 708 211 758 vitam
234 719 303 757 esse
326 699 528 758 retinendam.
577 699 678 772 Quam
701 706 740 757 ne
763 701 864 760 alieno
887 701 1013 760 arbitrio

118 803 292 873 dimitteret,
320 822 435 860 memor
461 803 658 878 pristinarum
682 802 826 861 virtutum
850 812 1011 875 venenum,
1050 822 1062 874 5

118 907 201 982 quod
217 925 337 981 semper
353 913 456 964 secum
473 906 586 964 habere
603 915 774 980 consuerat,
793 908 930 992 sumpsit.

67 1007 115 1068 13
161 1010 210 1067 Sic
235 1008 279 1066 vir
304 1008 500 1081 fortissimus,
527 1011 631 1069 multis
655 1011 808 1086 variisque
834 1011 1013 1087 perfunctus

118 1112 283 1183 laboribus
313 1120 394 1170 anno
422 1113 579 1188 adquievit
606 1114 842 1191 septuagesimo.
893 1114 1013 1187 Quibus

119 1216 298 1274 consulibus
321 1216 478 1288 interierit,
497 1225 559 1276 non
580 1219 732 1276 convenit.
778 1220 920 1294 Namque
937 1218 1013 1276 Atti·

119 1339 173 1378 cus
197 1321 239 1376 M.
265 1319 396 1378 Claudio
420 1321 569 1381 Marcello
593 1322 640 1394 Q..
656 1321 752 1380 Fabio
776 1322 921 1380 Labeone
945 1329 1014 1380 con·
1034 1347 1064 1381 ro
1100 1362 1103 1368 ·

119 1423 238 1482 sulibus
257 1434 408 1482 mortuum
427 1424 458 1481 in
478 1425 581 1483 annali
598 1432 816 1500 subscriptum
834 1424 965 1500 reliquit,
983 1434 1015 1482 at

121 1529 266 1609 Polybius
290 1531 323 1587 L.
344 1528 477 1586 Aemilio
501 1528 596 1586 Paulo
620 1529 676 1587 Cn.
702 1527 818 1586 Baebio
840 1527 1012 1603 Tamphilo,

121 1632 274 1708 Sulpicius
305 1642 405 1690 autem
439 1631 540 1690 Blitho
571 1633 602 1688 P.
631 1630 776 1689 Cornelio
803 1631 942 1707 Cethego
970 1632 1012 1688 M.

85 1737 103 1786 2
122 1735 236 1793 Baebio
256 1734 428 1810 Tamphilo.
475 1736 576 1808 Atque
598 1734 647 1790 hic
668 1743 772 1791 tantus
793 1734 838 1790 vir
858 1743 1014 1808 tantisque

119 1838 208 1897 bellis
235 1838 391 1897 districtus
418 1837 559 1896 nonnihil
585 1836 731 1911 temporis
761 1836 866 1894 tribuit
895 1837 1013 1895 litteris,
1036 1862 1064 1912 15

121 1943 261 2017 Namque
292 1923 410 2017 aliquot
436 1940 501 1998 eius
529 1939 596 1997 libri
622 1949 702 2010 sunt,
730 1940 850 1998 Graeco
875 1930 1014 1999 sermone

120 2045 262 2114 confecti,
281 2044 310 2101 in
332 2044 369 2101 iis
390 2044 429 2101 ad
451 2042 591 2101 Rhodios
616 2043 654 2100 de
678 2043 734 2101 Cn.
753 2043 852 2100 Manli
867 2043 1015 2102 Volsonis

85 2159 103 2208 3
121 2148 149 2205 in
168 2147 243 2205 Asia
264 2148 355 2205 rebus
375 2155 480 2223 gestis.
528 2146 629 2204 Huius
650 2145 724 2203 belli
743 2156 831 2221 gesta
851 2146 938 2204 multi
956 2165 1015 2204 me-

120 2251 233 2308 moriae
250 2250 459 2325 prodiderunt,
477 2249 532 2307 sed
553 2268 590 2307 ex
608 2250 656 2307 his
676 2249 746 2320 du0‚
764 2258 816 2324 qui
836 2269 905 2307 cum
926 2257 963 2309 eo
984 2249 1015 2306 in

120 2363 228 2412 castris
248 2355 371 2412 fuerunt
390 2353 541 2428 simulque
561 2360 701 2410 vixerunt
723 2353 868 2428 quamdiu
893 2354 1016 2412 fortuna
1035 2377 1066 2411 20

120 2476 212 2533 passa
234 2467 290 2528 est,
309 2457 430 2515 Silenus
453 2465 483 2513 et
507 2456 625 2514 Sosilus
645 2455 918 2514 Lacedaemonius.
964 2459 1015 2513 At-

120 2579 180 2636 que
196 2560 254 2618 hoc
272 2559 371 2618 Sosild
386 2558 545 2616 Hannibal
561 2558 727 2617 litterarum
741 2560 926 2619 Graecarum
942 2569 1015 2619 usus

120 2673 168 2721 est
182 2664 316 2722 doctore.
550 2658 553 2663 ’
570 2732 572 2735 ,

86 2775 103 2823 4
164 2767 225 2824 Sed
249 2773 305 2824 nos
328 2775 450 2842 tempus
473 2775 520 2823 est
543 2764 632 2822 huius
655 2764 724 2823 libri
746 2765 849 2823 facere
871 2766 965 2823 finem
985 2774 1016 2823 et

122 2871 331 2928 Romanorum
344 2869 496 2945 explicare
510 2867 718 2943 imperatores
730 2875 791 2943 quo
802 2867 932 2941 facilius,
946 2888 1015 2927 con·
1034 2893 1048 2926 2
1053 2891 1065 2941 5

121 2971 192 3031 latis
219 2981 414 3047 utrorumque
443 2972 543 3041 factis
570 2979 622 3046 qui
645 2969 701 3028 viri
731 2971 925 3046 praeferendi
954 2972 1016 3031 sint

121 3075 220 3151 possit
236 3076 371 3134 iudicari.

163 3223 178 3273 3
196 3208 318 3272 fortuito,
341 3214 470 3267 crisa-7
490 3207 585 3270 variis,
607 3207 788 3269 diversit-9
806 3208 942 3272 convenit,
964 3216 1016 3256 crn-

120 3299 216 3340 stat.-
227 3306 253 3352 17
274 3290 399 3355 confecti,
412 3296 506 3352 scripti.
