2294 3638
448 172 654 263 HANiiIBAL.
689 230 712 275 4,
727 228 749 280 5·
933 248 936 253 .
1013 214 1047 264 69

150 383 295 460 Scipione
326 384 453 442 consule
485 402 615 459 eumque
647 382 814 459 pepulerat.
875 385 953 441 Curn
986 383 1045 440 hoc

148 487 258 546 eodem
282 487 411 546 Clastidi
435 487 517 562 apud
541 486 658 544 Padurn
683 485 822 543 decernit
846 485 1045 560 sauciumque

112 599 130 650 2
149 591 221 649 inde
239 599 276 649 ac
294 591 434 666 fugatum
450 589 585 648 dimittit.
630 588 736 647 Tertio
755 589 836 646 idern
856 587 959 664 Scipio
976 607 1044 646 curn

149 694 279 770 conlega
291 693 417 752 Tiberio
434 695 543 769 Longo
559 692 641 768 apud
651 691 796 750 Trebiam
812 692 960 749 adversus
975 710 1045 749 eum

149 796 240 859 venit.
287 800 365 856 Cum
383 797 421 855 iis
440 815 564 854 manum
583 794 757 867 conseruit3
780 802 927 871 utrosque
946 794 1045 870 profli-
1081 809 1094 861 5

148 900 240 975 gavit.
301 900 379 958 Inde
412 919 467 975 per
500 899 627 976 Ligures
661 901 881 974 Appenninum
914 898 1042 970 transiit,

112 1010 258 1079 3petens
285 1003 444 1062 Etruriam.
500 1005 571 1062 Hoc
595 1002 704 1060 itinere
728 1001 806 1061 adeo
829 1010 914 1082 gravi
937 1002 1044 1060 morbo
1078 992 1082 999 ’

150 1106 290 1165 adficitur
301 1107 459 1174 oculorum
472 1116 505 1165 ut
517 1114 626 1186 postea
641 1124 808 1181 numquam
824 1104 931 1164 dextro
947 1113 1043 1180 aeque

150 1210 228 1268 bene
247 1219 320 1268 risus
339 1210 386 1268 sit.
433 1210 502 1282 Qua
522 1209 696 1267 valetudine
716 1227 784 1266 cum
803 1208 962 1266 etiamtum
980 1226 1044 1284 pre-

149 1319 281 1371 meretur
297 1313 467 1388 lecticaque
482 1313 621 1384 ferrEtur,
637 1315 671 1371 C.
687 1311 870 1391 Flaminium
886 1312 1044 1370 consulem
1065 1329 1094 1363 10

150 1416 231 1498 apud
258 1418 480 1474 Trasumenum
508 1435 576 1475 cum
606 1415 740 1474 exercitii
770 1414 890 1473 insidiis
920 1414 1044 1472 circum-

148 1530 273 1578 ventum
300 1519 421 1590 occidit,
450 1538 549 1594 neque
580 1518 675 1578 multo
702 1528 773 1594 post
800 1520 834 1577 C.
859 1517 1043 1577 Centenium

148 1630 319 1698 praetorem
346 1641 415 1680 curn
441 1623 561 1681 delecta
590 1631 682 1707 manu
708 1622 804 1680 saltus
830 1631 1041 1697 occupantem.

111 1739 130 1787 4
151 1726 234 1784 Hinc
258 1726 289 1783 in
312 1719 456 1802 ripuliam
480 1727 627 1801 pervenit.
684 1726 732 1784 Ibi
757 1726 878 1784 obviarn
905 1735 933 1783 ei
957 1732 1088 1783 vene.¹

148 1839 219 1888 runt
244 1824 305 1888 duo
331 1830 483 1901 consules
513 1831 548 1888 C.
575 1830 740 1907 Terentius
767 1839 798 1888 et
824 1832 857 1888 L.
883 1829 1041 1887 Aemilius.
1064 1851 1093 1903 15

149 1919 317 2008 Utriusque
347 1932 498 1990 exercitiis
527 1939 589 1991 uno
618 1932 735 2009 proelio
764 1933 889 2009 fugavit,
916 1932 1043 1990 Paulum

149 2036 307 2094 consulem
322 2035 435 2094 oceidit
454 2045 485 2094 et
504 2036 620 2111 aliquot
635 2045 793 2112 praeterea
809 2036 994 2107 consulares
1012 2035 1042 2092 in

148 2138 186 2196 iis
202 2139 437 2222 CnsServilium
454 2139 627 2211 Geminum,
644 2148 696 2215 qui
713 2139 869 2215 superiore
886 2146 967 2197 anno
981 2139 1044 2196 fue-

148 2251 195 2300 rat
209 2242 326 2301 consul.

148 2449 321 2508 resistente.
368 2452 403 2507 In
432 2458 612 2526 propinquis
636 2451 704 2509 urbi
730 2451 885 2509 montibus
909 2460 1043 2510 moratus

148 2561 204 2610 est.
264 2554 342 2611 Cum
374 2552 492 2628 aliquot
520 2552 562 2610 ibi
594 2552 661 2611 dies
692 2563 793 2611 castra
823 2553 983 2612 habuisset
1013 2564 1044 2612 et

149 2656 287 2731 Capuam
305 2662 515 2727 reverteretur,
537 2656 574 2728 Q.
596 2655 710 2714 Fabius
730 2656 893 2728 Maximus
913 2656 1044 2715 dictator

111 2769 129 2820 2
149 2761 317 2830 Romanus,
335 2758 365 2816 in
383 2765 456 2835 agro
473 2758 604 2817 Falerno
623 2769 651 2817 ei
669 2766 702 2817 se
718 2759 840 2818 obiecit.
888 2762 950 2818 Hic
965 2761 1044 2819 clau-

147 2881 200 2920 sus
224 2862 361 2921 locorum
384 2862 534 2938 angustiis
559 2871 653 2920 noctir
679 2862 745 2920 sine
771 2863 833 2921 ullo
860 2863 1044 2922 detrimento
1063 2883 1094 2934 ²5

147 2964 297 3024 exercitiis
321 2972 354 3023 se
377 2965 532 3041 expedivit
549 2964 716 3040 Fabioque,
734 2965 932 3025 callidissimo
953 2966 1044 3042 impe-

189 3131 202 3164 2
221 3117 349 3181 decernit,
363 3119 490 3174 dimicat;
512 3117 643 3181 saucium,
656 3119 907 3182 volitantum-10
920 3120 1043 3184 ferretur,

145 3201 366 3264 veteretum-13
385 3202 483 3265 saltus,
495 3203 629 3262 angustias
643 3202 776 3249 montium.
785 3230 818 3236 —
827 3215 853 3249 21
875 3203 1043 3267 propinquis,

146 3284 283 3349 finitimis.
296 3311 325 3318 -
334 3282 365 3332 26
380 3283 567 3349 callidissimi,
583 3286 748 3347 peritissimo.
