2294 3638
396 163 632 212 ALCIBIADES.
668 177 689 221 2,
702 178 725 228 3.
978 164 1009 213 31

114 317 337 406 Hipponicum,
368 331 504 389 omnium
533 333 653 391 Graeci
682 331 786 408 lingua
820 332 1011 407 loquentium

113 433 308 507 ditissimum,
326 443 367 507 ut,
387 443 414 492 si
440 434 506 511 ipse
532 436 647 512 fingere
673 435 773 507 vellet,
797 454 898 511 neque
924 436 1011 511 plina

112 538 197 596 bona
229 537 419 596 comminisci
451 557 551 614 neque
582 538 697 597 mitiora
726 549 833 614 posset
862 546 1011 615 consequi

113 660 206 717 quam
221 641 270 699 vel
286 650 395 700 natura
410 642 459 700 vel
473 642 597 700 fortuna
612 641 767 701 tribueret.

73 746 96 805 3
154 743 240 802 Bello
257 744 485 820 Peloponnesio
505 745 595 803 huius
616 745 746 804 consilio
767 755 859 820 atque
883 746 1010 804 auctori·
1047 760 1060 810 5

112 856 176 906 trite
187 847 395 907 Athenienses
411 848 525 907 bellum
538 850 739 926 Syracusanis
751 847 926 907 indixerunt
939 873 945 921 3
971 850 1010 907 ad

113 951 196 1027 quod
211 953 380 1028 gerendum
396 952 461 1028 ipse
478 952 540 1010 dux
555 952 692 1010 delectus
704 961 760 1024 est,
774 953 835 1010 duo
852 961 1011 1029 praeterea

79 1068 96 1117 2
112 1055 259 1131 conlegae
276 1056 348 1128 dati,
361 1055 468 1115 Nicias
483 1066 514 1113 et
529 1056 712 1115 Lamachus,
748 1056 785 1114 Id
801 1075 869 1113 cum
886 1064 1011 1132 apparei-

112 1166 203 1230 retur‚
218 1159 302 1234 prius
319 1179 410 1235 quain
426 1159 536 1218 classis
552 1168 656 1231 exiret,
671 1155 783 1218 accidit
799 1170 832 1217 ut
847 1168 908 1218 ima
920 1169 1010 1218 nocte

112 1270 221 1321 omnes
241 1264 364 1322 hermae
385 1272 438 1340 qui
460 1264 492 1321 in
512 1263 627 1339 oppido
649 1273 737 1322 erant
757 1264 897 1335 Athenis,
914 1263 1011 1322 deice·
1031 1284 1061 1318 10

112 1376 218 1423 rentur
240 1376 360 1443 praeter
386 1376 488 1438 imum,
515 1375 568 1442 qui
583 1375 654 1424 ante
679 1366 801 1424 ianuam
825 1376 891 1424 erat
909 1366 1011 1424 Ando

113 1469 184 1527 cidi.
238 1472 348 1553 Itaque
372 1470 422 1528 ille
443 1479 552 1546 postea
574 1469 745 1528 Mercurius
761 1469 917 1527 Andocidi
932 1469 1011 1528 voci-

78 1581 196 1633 3tatus
226 1582 282 1632 est.
329 1575 400 1633 Hoc
429 1592 499 1631 curn
517 1577 688 1649 'appareret
714 1579 776 1631 non
802 1572 869 1630 sine
898 1581 1011 1648 magnai

113 1677 278 1736 multorum
307 1676 513 1737 consensione
542 1695 611 1735 esse
633 1664 758 1748 iactum,
776 1658 856 1750 quae
884 1683 947 1734 non
972 1677 1010 1734 ad

113 1788 271 1856 privatam,
289 1781 345 1839 sed
365 1781 405 1839 ad
427 1780 581 1856 publicam
604 1799 668 1838 rem
690 1780 864 1856 pertineret,
882 1788 1011 1857 magnus
1031 1799 1060 1852 15

113 1884 303 1943 multitudini
317 1883 408 1943 timor
423 1893 471 1943 est
485 1883 626 1957 iniectus,
643 1891 682 1942 ne
699 1904 759 1960 qua
782 1893 944 1960 repentina
965 1893 1012 1943 vis

113 1987 144 2046 in
175 1987 299 2047 civitate
326 1987 495 2061 exsisteret,
523 2006 601 2064 quae
628 1988 800 2047 libertatem
826 1988 1012 2064 opprimeret

78 2100 96 2149 4
113 2093 228 2168 populi.
274 2093 346 2152 Hoc
361 2090 491 2150 maixime
504 2100 668 2150 convenire
684 2091 715 2148 in
726 2091 919 2150 Alcibiadem
931 2091 1011 2150 vide·

112 2197 212 2267 batur,
235 2196 318 2270 quod
343 2204 375 2254 et
387 2194 549 2274 potentior
569 2205 600 2254 et
628 2195 724 2254 maior
753 2214 845 2270 quam
875 2204 1012 2271 privatus

114 2298 367 2357 existimabitur:
389 2298 501 2358 multos
517 2299 599 2358 enim
620 2299 803 2358 liberalitate
824 2300 1010 2370 devinxerat,
1031 2316 1062 2351 20

80 2409 96 2457 5
114 2402 215 2478 plures
231 2401 324 2460 etiam
338 2411 432 2478 opera
447 2403 564 2462 forensi
579 2411 652 2463 suris
668 2404 852 2462 reddiderat.
898 2404 1012 2477 Quare

113 2506 211 2564 fiebat
226 2515 259 2564 ut
278 2506 414 2564 omniurn
437 2507 550 2580 oculos
568 2507 841 2583 quotienscumque
865 2507 894 2564 in
918 2507 1012 2583 publi-

114 2627 183 2666 cum
199 2609 363 2684 primisset,
380 2610 469 2668 adse
485 2620 678 2670 converteret
693 2630 795 2686 neque
811 2620 838 2668 ei
857 2619 913 2687 pir
933 2610 1012 2685 quis·

115 2731 207 2788 quam
223 2713 391 2772 incivitate
406 2720 579 2790 poneretur.
615 2717 724 2790 Itaque
741 2721 802 2772 non
816 2714 914 2772 solum
927 2733 1012 2789 spem
1045 2734 1047 2738 ’

160 2920 173 2953 2
197 2906 376 2972 ditissimum,
407 2909 698 2970 opulentissimum—4
725 2906 864 2971 tribueret,
895 2908 1013 2954 daret.-

117 3003 130 3050 7
157 2991 276 3041 delectus
307 2990 359 3053 est,
389 2996 488 3038 credtus
515 2997 618 3052 est—9
643 2991 738 3054 exiret,
761 2990 1025 3052 prrficr'sceretur.—.

121 3086 149 3120 12
175 3074 313 3126 vocitatus
336 3074 388 3137 est,
414 3074 561 3121 nriminritus
589 3079 717 3136 est-13
744 3074 897 3135 appareret,
922 3078 1014 3118 cumtri-

118 3163 162 3204 ret.
171 3184 205 3192 —
216 3171 243 3218 17
257 3157 412 3221 exsisteret,
422 3161 582 3205 orere'tur.—
591 3170 621 3204 20
634 3155 804 3218 devinxerat,
814 3155 971 3216 oblrgdverat.
981 3181 1014 3188 -

120 3252 151 3298 ²4
168 3241 318 3305 poneretur,
332 3241 531 3288 existimaretur.
