2294 3638
394 195 609 244 Panormus.
644 210 699 261 3-1·
963 197 993 247 55

95 368 237 420 auctures
262 362 418 421 Cadmeae
443 363 643 438 occupandae
667 363 777 441 partim
803 366 991 436 occiderunt,

94 463 205 539 partim
222 464 253 521 in
269 465 411 532 exsilium
427 466 590 526 eiecerunt.
648 489 651 495 ·

57 573 81 631 4
138 568 209 626 Hdc
227 577 291 625 tam
311 569 436 628 turbida
455 580 601 646 tempore,
619 580 697 630 sicut
715 582 806 648 supra
822 572 991 644 docuimus,

96 671 338 746 Epaminr'mdaS,
364 673 467 749 quoad
493 693 562 756 cum
589 675 708 733 civibus
732 675 910 734 dimicatum
934 653 990 746 est,

93 773 177 831 domi
201 773 323 849 quietus
345 775 412 834 tuit.
462 779 572 852 Itaque
594 778 672 836 haec
695 778 891 837 liberatarum
914 779 992 837 The·
1029 796 1041 844 5

94 876 202 934 barum
232 877 355 952 propria
384 879 451 937 laus
485 890 532 938 est
566 880 743 956 Pelopidae,
775 889 895 940 ceterae
926 883 991 939 fere

59 986 77 1035 2
94 988 272 1040 communes
289 1000 358 1039 cum
370 984 593 1058 Epaminr'mda.
631 987 773 1060 Namque
789 985 819 1042 in
832 985 991 1044 Leuctrica

93 1093 198 1162 pugna
218 1083 401 1160 imperature
424 1087 638 1161 Epamindnda
660 1089 709 1147 hic
730 1088 788 1161 fuit
811 1088 872 1146 dux
895 1088 992 1147 delec-

93 1200 143 1248 tae
160 1189 277 1262 mar'u'rs,
295 1210 373 1266 quae
394 1183 491 1268 prima
511 1192 696 1267 phalangem
716 1191 881 1267 prostravit
898 1193 991 1249 Laud

59 1301 175 1352 3num.
230 1294 381 1353 Omnibus
407 1303 566 1371 praeterea
592 1295 737 1371 periculis
763 1294 862 1353 adluit
887 1295 990 1372 (sicut,
1013 1319 1041 1352 ιο

95 1398 237 1473 Spartam
267 1417 336 1456 cum
366 1398 564 1475 oppugnavit,
592 1399 719 1456 alterum
746 1397 845 1456 tenuit
871 1400 989 1478 cornu),

94 1508 217 1577 queque
242 1503 389 1560 Messena
413 1500 542 1560 celerius
569 1501 786 1583 restitueretur,
814 1501 933 1576 legatus
960 1501 990 1557 in

95 1607 206 1697 Tersas
236 1614 283 1663 est
311 1604 476 1680 proiectus
531 1603 674 1679 Denique
704 1604 780 1662 haec
810 1603 867 1662 luit
896 1605 991 1662 altera

93 1716 227 1784 persr'ma
242 1709 367 1779 Thebis,
387 1708 442 1766 sed
457 1717 560 1766 tamen
580 1707 716 1765 secunda
734 1706 776 1766 ita
801 1716 833 1765 ut
853 1707 991 1783 proxima

93 1822 176 1871 esset
193 1811 435 1887 Epaminondae.
843 1846 845 1851 .
1012 1821 1040 1872 ¹5

57 1921 80 1980 5
136 1916 342 1975 Cr'mflictatus
379 1924 481 1973 autern
514 1923 562 1973 est
595 1933 663 1972 cum
696 1915 824 1973 adversa
857 1915 988 1973 furtuna.

94 2021 174 2077 Nam
199 2028 230 2077 et
257 2017 352 2090 initia,
378 2026 457 2076 sicut
481 2017 682 2086 ostendimus
708 2017 793 2074 exsul
821 2017 919 2092 patria
945 2037 990 2074 ca-

92 2121 161 2193 ruit,
179 2132 295 2180 etcum
312 2120 505 2179 Thessaliam
522 2120 553 2177 in
569 2128 755 2195 potestatem
771 2120 990 2178 Thebanorum

93 2234 220 2301 cuperet
242 2224 380 2301 redigere
403 2222 628 2299 legatidnisque
650 2223 713 2282 iure
734 2223 809 2281 satis
828 2231 941 2281 tectum
958 2232 990 2281 se
1065 2204 1067 2210 Ι

93 2311 300 2399 arbitraretur,¹
318 2327 401 2404 quod
418 2327 500 2402 apud
516 2333 623 2384 omnes
638 2333 746 2401 gentes
763 2335 902 2384 sanctum
922 2347 990 2384 esse
1011 2349 1041 2382 κο

93 2439 284 2503 cunsuesset,
315 2439 333 2490 a
363 2437 493 2509 tyranni)
523 2430 700 2488 Alexandra
731 2430 867 2488 Pheraei)
901 2430 990 2488 simul

93 2555 163 2594 cum
180 2535 318 2594 Ismenia·
335 2533 576 2609 comprehensus
596 2533 625 2588 in
643 2532 744 2590 vincla
760 2532 917 2591 coniectus
934 2544 989 2592 est.

60 2640 190 2698 2Hunc
218 2637 448 2714 Epamindndas
475 2617 674 2711 recuperavit,
695 2636 776 2694 bellu
802 2645 991 2712 persequens

94 2742 313 2801 Alexandrum.
374 2743 448 2799 Post
481 2740 512 2797 id
545 2739 661 2796 lactum
692 2756 858 2814 numquam
889 2740 991 2798 anima

94 2847 211 2922 placari
229 2844 329 2921 potuit
348 2843 378 2900 in
398 2862 476 2914 eum,
493 2862 511 2900 a
530 2849 591 2918 qur')
611 2852 675 2900 erat
695 2841 834 2900 violatus.
881 2845 990 2918 ltaque
1011 2857 1039 2908 25

94 2932 249 3024 persuasit
267 2946 426 3005 Thebanis
452 2954 486 3003 ut
510 2944 649 3002 subsidia
671 2944 851 3002 Thessaliae
874 2945 990 3020 profici-

128 3115 142 3166 3
167 3099 285 3164 turbida,
305 3099 466 3160 periculam,-
496 3097 645 3160 docuimus,
669 3097 856 3158 diamur-9
879 3097 992 3159 phalan-

95 3197 165 3249 gem,
178 3185 266 3232 aciem.
274 3210 306 3218 -
317 3181 346 3230 16
363 3181 486 3244 adversi,
501 3181 613 3226 inimica’.
622 3208 655 3214 —
665 3193 692 3238 17
713 3179 803 3243 initii),
813 3180 949 3240 principib.
959 3208 992 3215 -

99 3281 128 3330 19
144 3268 257 3330 tectum,
271 3269 420 3327 pro‘tictum.
