2294 3638
115 239 148 288 50
370 238 653 288 EPAMINONDAS.
688 237 762 286 8-10.

54 465 60 477 ,
117 408 263 465 Messene
279 407 420 465 restituta
436 407 543 464 urbem
561 413 666 464 earum
687 404 851 464 obsidiane
872 403 1012 463 clausit.''

118 512 207 569 Haec
233 528 303 568 cum
329 509 466 583 dixisset,
495 519 574 569 risus
600 509 736 568 omnium
762 527 832 567 cum
858 508 1013 567 hilaritate

116 623 238 672 coortus
259 623 315 685 est,
336 601 436 689 ne‘que
458 613 619 691 quisquam
639 612 730 671 iudex
748 631 843 670 ausus
855 621 906 675 est
922 613 961 670 de
976 619 1014 671 ea

70 774 72 778 ,
115 718 194 774 ferre
210 716 397 793 suffragium.
444 717 495 774 Sic
509 725 528 775 a
544 715 658 775 iudicia
676 714 787 791 capitis
805 714 940 778 maxima
955 713 1012 774 dis-

116 819 209 878 cessit
224 819 329 896 glaria.
766 882 768 888 ,
1049 831 1061 882 5

79 923 102 982 9
159 924 221 981 Hic
237 931 373 982 extrema
388 932 525 999 tempore
542 923 706 1000 imperator
721 921 804 998 apud
821 921 1013 980 Mantineam

116 1044 184 1082 cum
207 1026 272 1084 acie
297 1035 445 1084 instructa
470 1025 619 1084 audacius
644 1033 774 1084 instaret
797 1024 948 1096 hostibuS,
966 1032 1013 1082 ca

115 1128 218 1205 gnitus
231 1138 249 1187 a
265 1129 528 1201 Lacedaemoniis,
542 1129 625 1205 quod
642 1129 672 1185 in
690 1137 780 1186 unius
795 1127 931 1203 pernicia
947 1128 1013 1186 eius

116 1233 233 1308 patriae
256 1232 346 1290 sitam
369 1233 520 1309 putabant
543 1232 681 1305 salntem,
707 1231 840 1290 universi
862 1231 894 1288 in
920 1241 1013 1289 imum

116 1335 264 1411 impetum
286 1337 424 1394 fecarunt
447 1355 547 1411 neque
570 1334 655 1412 prius
679 1335 898 1393 abscesserunt
921 1353 1012 1410 quam
1034 1356 1060 1389 ιο

116 1448 227 1515 magna
257 1440 352 1498 caede
382 1439 546 1514 multisque
576 1447 687 1497 occisis
716 1437 884 1496 fortissime
914 1437 1012 1514 ipsum

119 1543 363 1618 Epaminandam
393 1552 590 1618 pugnantem,
622 1549 713 1618 spara
743 1540 863 1599 eminus
893 1560 1013 1616 percus-

83 1651 99 1700 2
118 1665 193 1717 sum,
218 1645 380 1704 concidere
402 1646 552 1704 viderunt.
601 1644 703 1704 Huius
726 1653 799 1703 casu
822 1644 1013 1720 aliquantum

117 1749 264 1807 retardati
290 1758 361 1807 sunt
389 1748 517 1821 Boeatii,
544 1757 644 1837 neque
670 1758 774 1807 tamen
800 1748 885 1824 prius
911 1733 1013 1824 pugna

83 1859 315 1914 3excesserunt
344 1871 436 1927 quam
470 1858 676 1928 repugnantes
713 1851 923 1928 prafligarunt.
973 1854 1014 1909 At
1033 1872 1060 1922 15

120 1956 359 2030 Epaminandas‚
385 1974 454 2013 cum
481 1954 956 2017 animadverteret‚mortiferum
981 1962 1014 2013 se

117 2059 227 2115 volnus
244 2058 400 2133 accepisse
421 2058 581 2134 simulque,
600 2066 626 2116 si
645 2058 768 2130 ferrum,
786 2058 873 2143 quod¹
890 2077 927 2117 ex
947 2059 1014 2116 has·

118 2161 164 2218 tili
176 2160 207 2217 in
217 2180 343 2235 corpore
354 2169 551 2231 remanserat,
563 2160 753 2232 extraxisset,
765 2160 898 2219 animam
911 2161 1014 2220 statim

119 2271 308 2336 emissarum,
333 2283 431 2339 usque
455 2271 492 2322 ea
521 2263 646 2322 retinuit
675 2263 779 2339 quoad
807 2264 1014 2323 renuntiatum

85 2381 102 2429 4
119 2376 166 2425 est
178 2365 288 2424 vicisse
303 2358 456 2426 BoeatiOs
503 2367 541 2424 Id
556 2376 721 2442 postquam
734 2366 859 2439 audivit,
875 2367 1013 2438 “Satis’'
1033 2389 1061 2423 20

119 2469 227 2545 inquit,
246 2477 262 2502 “
273 2479 354 2528 vixi:
382 2470 514 2527 invictus
539 2469 620 2527 enim
644 2469 786 2529 morior.’'
831 2471 912 2528 Tum
935 2471 1015 2530 terra

119 2581 257 2631 extracta
272 2573 435 2631 canfestim
451 2572 643 2631 exanimatus
659 2582 713 2631 est.

70 2682 117 2741 10
163 2679 224 2734 Hic
240 2683 364 2734 uxarem
383 2694 550 2750 numquam
566 2675 660 2734 duxit.
703 2679 738 2733 In
756 2682 818 2751 qua
833 2695 903 2741 cum
918 2695 1015 2752 repre·

120 2780 305 2837 henderetur
329 2779 426 2859 (quod
450 2779 562 2836 liberas
583 2787 645 2836 nan
666 2778 867 2859 relinqueret)
890 2788 909 2838 a
932 2780 1016 2838 Pelo-

120 2883 201 2961 pida,
220 2891 271 2957 qui
291 2881 390 2939 filium
412 2881 547 2938 habebat
569 2881 722 2952 infamem,
740 2880 880 2957 maleque
899 2901 969 2940 eum
984 2882 1014 2939 in
1034 2901 1061 2952 ²5

162 3055 177 3103 6
195 3056 314 3105 extremi)
335 3057 464 3118 tempore,
485 3057 618 3114 postrema.
633 3066 689 3113 -7
715 3054 842 3118 instaret,
867 3060 1014 3118 urgeret.-

120 3138 134 3185 8
164 3139 291 3202 pernicie,
319 3137 624 3199 nzorte.-9i1niversi,
655 3141 746 3183 arunas.
759 3164 792 3172 —
807 3151 836 3200 ¹3
871 3139 1016 3202 concidere,

120 3224 212 3269 cadere.
222 3250 253 3256 —
266 3234 295 3284 15
312 3221 498 3284 prafligarunt,
518 3221 545 3265 in
556 3220 651 3282 frigam
665 3220 795 3266 dederunt.
804 3246 837 3255 -
850 3220 878 3268 18
898 3221 1018 3272 animam

116 3306 290 3368 &missurum
305 3305 472 3351 marinarum.
