2294 3638
123 214 158 264 10
396 219 693 268 THEMISTOCLES.
730 233 752 267 2.

86 381 110 441 2
166 385 287 445 Primus
297 395 401 445 autern
409 387 523 464 gradus
531 385 590 445 fuit
602 387 813 463 capessendae
825 396 869 446 rei
880 385 1023 463 publicae

124 485 208 546 bella
238 490 430 569 Corcyraea:
468 491 507 548 ad
538 491 621 566 quod
653 491 822 567 gerendum
851 498 976 566 praetor
1004 499 1023 548 a

124 590 240 666 popule
255 591 356 651 factus
373 600 434 652 nan
451 594 550 652 selum
565 603 721 669 praesenti
743 593 834 665 belle,
851 593 907 651 sed
929 592 1023 650 etiam

91 695 109 748 2
125 692 244 769 reliqua
259 704 396 771 tempore
411 696 592 755 feraciorem
608 696 741 755 reddidit
757 696 921 754 civitatem.
942 697 1021 753 Nam

126 814 196 854 cum
211 798 342 873 pecania
353 798 485 874 pirblica,
499 819 579 875 quae
595 819 632 857 ex
647 799 779 858 metallis
794 800 923 870 redibat,
936 797 1023 875 largi·
1060 814 1072 865 5

125 899 212 959 tiene
242 901 475 978 magistratuum
505 911 672 978 quotannis
702 903 847 975 interiret,
878 902 929 960 ille
958 920 1025 978 per-

127 1003 226 1062 suasit
240 1005 355 1080 popule
371 1014 404 1063 ut
420 1014 457 1064 ea
472 1006 604 1081 pecania
627 1006 737 1064 classis
760 1015 883 1064 centurn
900 1005 1023 1064 navium

92 1112 110 1163 3
127 1107 347 1167 aedificaretur.
393 1109 463 1181 Qua
479 1109 619 1167 celeriter
640 1109 752 1168 effecta
767 1118 897 1185 primum
913 1111 1024 1187 Corcy-

127 1217 216 1269 raeas
241 1211 341 1288 fregit,
368 1211 481 1270 deinde
506 1212 674 1271 maritimas
701 1213 873 1288 praedanes
899 1219 1024 1271 censec-

127 1313 224 1373 tande
248 1333 331 1372 mare
355 1323 453 1373 tatum
479 1315 623 1374 reddidit.
669 1317 707 1372 In
731 1323 793 1391 que
816 1313 884 1372 cum
909 1314 1023 1373 divitiis
1045 1333 1074 1368 10

128 1417 257 1489 arnavit,
281 1427 345 1476 tum
368 1418 459 1477 etiarn
482 1418 685 1495 peritissimas
711 1419 785 1477 belli
807 1418 925 1477 navalis
950 1417 1024 1476 fecit

94 1520 344 1580 4Athenienses.
391 1522 429 1581 Id
459 1531 593 1598 quantae
623 1522 714 1580 saluti
742 1521 834 1580 fuerit
863 1520 1023 1579 aniversae

129 1623 287 1696 Graeciae,
311 1624 394 1683 bella
416 1625 572 1702 cegnitum
596 1635 643 1684 est
670 1625 802 1684 Persice.
848 1627 928 1683 Nam
954 1642 1024 1682 eum

129 1728 246 1786 Xerxes
269 1737 300 1786 et
322 1737 397 1786 mari
420 1737 451 1786 et
473 1737 554 1787 terra
576 1729 690 1787 bellum
713 1709 879 1787 aniversae>
898 1728 1025 1787 inferret

130 1831 270 1907 Eurapae
287 1850 355 1889 cum
371 1840 466 1890 tantis
484 1831 580 1908 capiis
596 1841 729 1908 quantas
752 1851 853 1908 neque
874 1842 946 1891 ante
966 1849 1024 1890 nec
1044 1850 1073 1901 15

95 1945 111 1994 5
129 1942 238 2010 postea
260 1933 367 1993 habuit
389 1934 570 2011 quisquam:
594 1935 684 1994 huius
707 1935 788 1993 enim
811 1935 920 1993 classis
934 1914 1025 1992 'mille

130 2046 160 2096 et
186 2037 387 2096 ducentarum
414 2038 538 2096 navium
568 2039 728 2115 longarum
753 2037 820 2111 fuit,
846 2056 938 2114 quam
964 2038 1025 2096 duo

130 2141 214 2198 milia
245 2140 452 2199 onerariarum
484 2142 707 2217 sequebantur,¹
734 2149 893 2200 terrestres
924 2150 1026 2200 autem

130 2243 282 2303 exercitus
312 2244 510 2321 septingenta
541 2244 687 2321 peditum,
719 2244 855 2322 equitum
885 2244 1027 2321 quadrin-

96 2355 114 2405 6
130 2356 224 2424 genta
240 2347 323 2405 milia
337 2348 461 2406 fuerunt
475 2371 480 2406 :
493 2383 535 2391 -
546 2347 633 2406 caius
649 2348 687 2406 de
704 2349 837 2407 adventa
858 2367 927 2406 cum
945 2348 1028 2406 fama
1046 2365 1077 2400 20

131 2450 162 2508 in
186 2451 348 2510 Graeciam
370 2461 454 2510 esset
475 2452 594 2526 perlata
616 2461 647 2510 et
667 2451 798 2511 maxime
820 2452 1027 2511 Athenienses

131 2563 195 2631 peti
211 2555 386 2614 dicerentur
400 2563 525 2630 propter
540 2564 674 2632 pagnam
692 2555 928 2628 Maratheniam,
941 2561 1028 2614 mise

132 2666 202 2715 runt
219 2657 359 2734 Delphes
375 2658 551 2716 censultum
567 2657 714 2734 quidnam
729 2659 868 2717 facerent
883 2660 922 2717 de
937 2659 1028 2717 rebus

133 2769 205 2820 suis.
239 2760 490 2819 Deliberantibus
508 2761 616 2839 Pythia
632 2761 792 2837 respondit
814 2771 848 2820 ut
868 2760 1029 2820 moenibus

98 2866 114 2917 7
133 2865 242 2940 ligneis
258 2871 291 2922 se
307 2872 469 2922 inanirent.
501 2864 539 2923 Id
555 2872 737 2940 respensum
754 2871 815 2939 que
830 2865 945 2923 valeret
959 2882 1029 2922 cum
1049 2879 1079 2932 25

133 2967 325 3043 intellegeret
341 2973 440 3036 neme,
455 2967 682 3026 Themistocles
698 2966 852 3044 persuasit
867 2966 1029 3026 censilium

177 3134 186 3168 1
206 3121 395 3184 capessendae,
409 3121 588 3182 suscipiendae.
598 3135 655 3184 —3
673 3119 773 3184 factus,
787 3126 892 3168 creatus.
903 3149 936 3157 —
947 3135 977 3170 10
991 3121 1033 3171 ‹ii-

132 3203 221 3267 vitiis,
239 3203 331 3265 opibus.
341 3230 375 3238 —
387 3216 416 3265 19
428 3203 570 3267 exercitiis,
587 3206 677 3265 capiar.
687 3231 721 3238 —
731 3217 761 3267 23
778 3204 941 3268 cbnsultum,
957 3205 1032 3252 inter·

132 3292 258 3347 rigatum.
269 3315 302 3322 -
313 3300 343 3345 24
356 3286 579 3350 deliberantibus,
594 3287 788 3335 censulentibus.
