2294 3638
136 207 168 257 54
431 205 645 254 Panormus.
681 219 703 262 2,
716 219 739 270 3.

136 375 198 433 dux
219 385 283 434 erat
305 374 477 450 PelopidaS,
496 392 565 430 cum
581 373 713 431 Athenis
733 372 867 432 interdiu
886 384 1031 447 exissent,

137 487 169 537 ut
192 485 428 554 vesperascente
453 477 539 535 caelo
562 476 687 534 Thebas
709 487 839 552 possent
862 487 1031 553 pervenire,

137 601 206 639 cum
226 581 356 640 canibus
377 579 526 639 venaticis
547 579 694 651 exierunt,
711 580 787 638 retia
808 581 952 652 ferentes
970 600 1033 639 ves

137 694 193 743 tito
219 692 340 761 agresti,
368 690 429 758 quo
455 682 573 742 minore
599 683 776 759 suspicione
802 683 941 742 iacerent
967 684 1030 742 iter.

137 790 199 862 Qui
223 807 292 846 cum
324 797 461 864 tempore
488 787 556 863 ipso
579 771 641 862 duo
665 787 855 858 studuerant,
879 787 1033 863 pervenis·
1067 811 1079 862 5

136 901 214 962 sent,
228 891 352 949 domum
367 889 519 949 Charonis
536 890 740 963 deverterunt,
753 900 772 950 a
788 899 850 968 quo
865 901 897 950 et
912 901 1032 969 tempus

136 1006 166 1055 et
182 996 248 1054 dies
263 1005 328 1054 erat
343 995 442 1053 datus

101 1104 123 1164 3
180 1101 250 1157 Hoc
271 1100 340 1158 loco
361 1098 435 1156 libet
451 1098 654 1174 interponere,
672 1107 730 1157 etsi
748 1098 920 1157 seionctum
941 1101 980 1159 ab
1000 1107 1031 1159 re

136 1203 293 1280 proposita
305 1211 361 1275 est,
375 1202 468 1259 nimia
480 1201 595 1260 fidncia
607 1212 742 1278 quantae
754 1203 922 1262 calamitati
934 1204 1032 1262 soleat

136 1329 213 1368 esse.
265 1312 344 1368 Nam
369 1309 602 1386 magistratuum
624 1308 843 1367 Thebanorum
867 1308 970 1366 statim
993 1309 1032 1367 ad
1052 1327 1079 1361 10

136 1420 225 1472 aures
249 1414 388 1489 pervenit
414 1415 535 1473 exsules
561 1414 592 1472 in
619 1414 725 1472 urbem
749 1411 880 1471 venisse.
927 1411 965 1470 ld
989 1411 1031 1470 illi

76 1565 79 1572 .
136 1527 208 1579 vino
230 1522 390 1598 epulisque
413 1522 509 1580 dediti
532 1541 630 1597 usque
652 1529 689 1580 eo
711 1521 919 1597 despexerunt
938 1530 971 1578 ut
993 1526 1032 1578 ne

102 1626 283 1699 2quaerere
299 1625 424 1701 quidem
444 1626 592 1685 de'tanta
615 1633 646 1683 re
668 1604 845 1683 laborarint.
891 1622 1032 1682 Accessit

136 1727 228 1786 etiam
244 1729 327 1804 quod
343 1729 439 1806 inagis
458 1738 588 1805 aperiret
608 1736 712 1788 eorum
732 1726 928 1787 dementiam.
973 1726 1032 1784 Ad-

137 1833 198 1890 lata
220 1842 268 1891 est
290 1832 371 1892 enim
394 1833 526 1909 epistula
545 1833 677 1891 Athenis
699 1832 738 1889 ab
761 1830 898 1889 Archino
921 1838 973 1888 imi
995 1848 1031 1887 ex
1051 1844 1078 1896 15

137 1937 194 2008 his,
212 1937 352 2008 Archiae,
370 1945 422 2012 qui
444 1946 508 1995 tum
531 1936 694 1995 maximum
717 1935 931 2012 magistratum
953 1935 1030 1993 The-

136 2041 184 2098 bis
205 2038 374 2110 obtinebat,
392 2040 423 2096 in
444 2048 505 2115 qua
528 2039 631 2097 omnia
653 2039 692 2098 de
713 2037 904 2114 profectione
927 2045 1031 2097 eorum

137 2153 307 2219 perscripta
323 2155 417 2202 erant.
462 2143 551 2217 Quae
570 2162 638 2201 cum
657 2143 717 2200 iam
736 2143 900 2201 accubanti
916 2141 945 2199 in
962 2161 1032 2200 con-

137 2246 218 2306 vivio
240 2257 324 2312 esset
346 2248 426 2316 data,
451 2256 530 2305 sicut
552 2257 616 2304 erat
639 2254 769 2322 signata,
793 2246 850 2304 sub
872 2245 1030 2321 pulvinum

137 2350 291 2409 subiciens
305 2353 366 2408 “In
377 2350 573 2421 crastinum,''
585 2349 692 2424 inquit,
706 2348 839 2408 “differo
848 2355 897 2407 res
906 2347 1031 2407 serias.'’
1050 2369 1078 2404 20

103 2450 120 2498 3
138 2456 179 2511 At
198 2453 241 2510 illi
264 2461 379 2524 omneS,
397 2472 466 2511 cum
489 2453 549 2510 iam
572 2472 632 2511 nox
655 2451 867 2528 processisset,
883 2452 1032 2511 vinolenti

137 2557 176 2615 ab
189 2557 346 2615 exsulibus
359 2558 436 2614 duce
451 2550 599 2632 Pelopida
616 2566 686 2614 sunt
703 2555 866 2615 interfecti.
911 2555 1032 2629 Quibus

138 2662 228 2719 rebus
240 2661 399 2731 conlectis,
414 2661 505 2736 volgo
518 2660 557 2718 ad
570 2679 653 2718 arma
665 2661 899 2734 libertatemque
910 2666 1030 2730 vocato,

138 2772 199 2823 non
216 2765 313 2823 solum
331 2773 383 2839 qui
406 2764 436 2821 in
460 2764 534 2822 urbe
551 2775 646 2836 erant,
664 2762 828 2822 sedetiam
843 2762 979 2839 undique
995 2781 1032 2820 ex

138 2877 218 2944 agris
249 2875 476 2938 concurrerunt,
503 2867 689 2943 praesidium
717 2865 1030 2926 Lacedaemoniorum
1049 2873 1078 2926 25

47 2998 50 3003 ·
138 2991 174 3030 ex
201 2990 270 3029 arce
297 2970 488 3046 pepulerunt,
514 2971 643 3046 patriam
668 2969 830 3029 obsidione
854 2970 1029 3042 liberarunt,

181 3137 193 3188 5
208 3124 377 3187 studuerant,
390 3123 591 3172 voluerant-8
604 3123 765 3188 seionctum,
778 3124 900 3171 alienum.
911 3136 976 3170 -12
988 3121 1033 3173 de-

137 3210 293 3273 spelierunt,
328 3213 625 3269 contempsimus-14
665 3207 792 3271 aperiret,
828 3207 1033 3272 patefaceret.-

137 3306 168 3346 20
195 3291 340 3358 subiciens,
361 3296 594 3357 supponens-23
619 3292 707 3355 volgo,
722 3291 824 3353 populo.
912 3344 924 3358 d
