<?xml version="1.0" encoding="UTF-8"?>
<!DOCTYPE html PUBLIC "-//W3C//DTD XHTML 1.0 Transitional//EN"
    "http://www.w3.org/TR/xhtml1/DTD/xhtml1-transitional.dtd">
<html xmlns="http://www.w3.org/1999/xhtml" xml:lang="en" lang="en">
 <head>
  <title>
</title>
<meta http-equiv="Content-Type" content="text/html;charset=utf-8" />
  <meta name='ocr-system' content='tesseract 3.04.00' />
  <meta name='ocr-capabilities' content='ocr_page ocr_carea ocr_par ocr_line ocrx_word'/>
</head>
<body>
  <div class='ocr_page' id='page_1' title='image "./selectedlivesfr00robegoog_0099.png"; bbox 0 0 2294 3638; ppageno 0'>
   <div class='ocr_carea' id='block_1_1' title="bbox 112 192 712 303">
    <p class='ocr_par' dir='ltr' id='par_1_1' title="bbox 112 192 712 303">
     <span class='ocr_line' id='line_1_1' title="bbox 112 192 712 303; baseline 0 -12"><span class='ocrx_word' id='word_1_1' title='bbox 112 245 144 292; x_wconf 79' lang='lat'>72</span> <span class='ocrx_word' id='word_1_2' title='bbox 289 270 292 275; x_wconf 62' lang='grc'>«</span> <span class='ocrx_word' id='word_1_3' title='bbox 412 192 618 291; x_wconf 69' lang='lat' dir='ltr'>Hxnmhxn.</span> <span class='ocrx_word' id='word_1_4' title='bbox 654 242 712 303; x_wconf 85' lang='lat'>7,8.</span> 
     </span>
    </p>
   </div>
   <div class='ocr_carea' id='block_1_2' title="bbox 27 409 1062 3216">
    <p class='ocr_par' dir='ltr' id='par_1_2' title="bbox 114 409 1010 487">
     <span class='ocr_line' id='line_1_2' title="bbox 114 409 1010 487; baseline 0.002 -21"><span class='ocrx_word' id='word_1_5' title='bbox 114 419 146 467; x_wconf 93' lang='lat' dir='ltr'>ut</span> <span class='ocrx_word' id='word_1_6' title='bbox 165 409 246 467; x_wconf 89' lang='lat' dir='ltr'>enim</span> <span class='ocrx_word' id='word_1_7' title='bbox 264 412 382 470; x_wconf 91' lang='lat' dir='ltr'>Romae</span> <span class='ocrx_word' id='word_1_8' title='bbox 402 411 555 482; x_wconf 87' lang='lat' dir='ltr'>consules,</span> <span class='ocrx_word' id='word_1_9' title='bbox 573 420 618 469; x_wconf 92' lang='lat' dir='ltr'>sic</span> <span class='ocrx_word' id='word_1_10' title='bbox 635 410 828 487; x_wconf 86' lang='lat' dir='ltr'>Karthagine</span> <span class='ocrx_word' id='word_1_11' title='bbox 844 420 1010 485; x_wconf 84' lang='lat' dir='ltr'>quotannis</span> 
     </span>
    </p>

    <p class='ocr_par' dir='ltr' id='par_1_3' title="bbox 79 513 1059 1002">
     <span class='ocr_line' id='line_1_3' title="bbox 79 513 1010 590; baseline -0.002 -16"><span class='ocrx_word' id='word_1_12' title='bbox 79 525 95 574; x_wconf 89' lang='lat'><strong>5</strong></span> <span class='ocrx_word' id='word_1_13' title='bbox 114 523 208 570; x_wconf 90' lang='lat' dir='ltr'>annui</span> <span class='ocrx_word' id='word_1_14' title='bbox 224 513 288 572; x_wconf 90' lang='lat' dir='ltr'>bini</span> <span class='ocrx_word' id='word_1_15' title='bbox 304 521 391 590; x_wconf 84' lang='lat' dir='ltr'>reges</span> <span class='ocrx_word' id='word_1_16' title='bbox 408 514 600 572; x_wconf 86' lang='lat' dir='ltr'>creabantur.</span> <span class='ocrx_word' id='word_1_17' title='bbox 646 516 683 571; x_wconf 92' lang='lat' dir='ltr'>In</span> <span class='ocrx_word' id='word_1_18' title='bbox 700 521 737 573; x_wconf 91' lang='lat' dir='ltr'>eo</span> <span class='ocrx_word' id='word_1_19' title='bbox 752 513 929 590; x_wconf 82' lang='lat' dir='ltr'>magistratu</span> <span class='ocrx_word' id='word_1_20' title='bbox 945 524 1010 588; x_wconf 89' lang='lat' dir='ltr'>pari</span> 
     </span>
     <span class='ocr_line' id='line_1_4' title="bbox 114 607 1009 693; baseline 0.002 -20"><span class='ocrx_word' id='word_1_21' title='bbox 114 607 273 692; x_wconf 82' lang='lat' dir='ltr'>diligentia</span> <span class='ocrx_word' id='word_1_22' title='bbox 291 624 325 674; x_wconf 92' lang='lat' dir='ltr'>se</span> <span class='ocrx_word' id='word_1_23' title='bbox 346 616 505 675; x_wconf 85' lang='lat' dir='ltr'>Hannibal</span> <span class='ocrx_word' id='word_1_24' title='bbox 526 616 668 693; x_wconf 90' lang='lat' dir='ltr'>praebuit</span> <span class='ocrx_word' id='word_1_25' title='bbox 685 625 722 674; x_wconf 94' lang='lat' dir='ltr'>ac</span> <span class='ocrx_word' id='word_1_26' title='bbox 739 617 839 674; x_wconf 84' lang='lat' dir='ltr'>fuerat</span> <span class='ocrx_word' id='word_1_27' title='bbox 864 616 894 673; x_wconf 95' lang='lat' dir='ltr'>in</span> <span class='ocrx_word' id='word_1_28' title='bbox 919 616 1009 675; x_wconf 89' lang='lat' dir='ltr'>bello.</span> 
     </span>
     <span class='ocr_line' id='line_1_5' title="bbox 115 720 1010 797; baseline 0.002 -20"><span class='ocrx_word' id='word_1_29' title='bbox 115 721 256 796; x_wconf 85' lang='lat' dir='ltr'>Namque</span> <span class='ocrx_word' id='word_1_30' title='bbox 275 720 377 780; x_wconf 87' lang='lat' dir='ltr'>effecit</span> <span class='ocrx_word' id='word_1_31' title='bbox 402 739 440 778; x_wconf 95' lang='lat' dir='ltr'>ex</span> <span class='ocrx_word' id='word_1_32' title='bbox 458 729 546 779; x_wconf 91' lang='lat' dir='ltr'>novis</span> <span class='ocrx_word' id='word_1_33' title='bbox 563 720 763 797; x_wconf 87' lang='lat' dir='ltr'>vectigalibus</span> <span class='ocrx_word' id='word_1_34' title='bbox 782 727 843 778; x_wconf 92' lang='lat' dir='ltr'>non</span> <span class='ocrx_word' id='word_1_35' title='bbox 863 720 961 778; x_wconf 91' lang='lat' dir='ltr'>solum</span> <span class='ocrx_word' id='word_1_36' title='bbox 978 731 1010 779; x_wconf 93' lang='lat' dir='ltr'>ut</span> 
     </span>
     <span class='ocr_line' id='line_1_6' title="bbox 114 806 1059 900; baseline 0 -20"><span class='ocrx_word' id='word_1_37' title='bbox 114 832 197 881; x_wconf 90' lang='lat' dir='ltr'>esset</span> <span class='ocrx_word' id='word_1_38' title='bbox 212 806 343 899; x_wconf 86' lang='lat' dir='ltr'>pecunia</span> <span class='ocrx_word' id='word_1_39' title='bbox 356 842 434 900; x_wconf 89' lang='lat' dir='ltr'>quae</span> <span class='ocrx_word' id='word_1_40' title='bbox 449 826 598 883; x_wconf 89' lang='lat' dir='ltr'>Romanis</span> <span class='ocrx_word' id='word_1_41' title='bbox 615 842 652 882; x_wconf 93' lang='lat' dir='ltr'>ex</span> <span class='ocrx_word' id='word_1_42' title='bbox 669 823 794 881; x_wconf 80' lang='lat' dir='ltr'>foedere</span> <span class='ocrx_word' id='word_1_43' title='bbox 817 823 1008 899; x_wconf 90' lang='lat' dir='ltr'>penderetur,</span> <span class='ocrx_word' id='word_1_44' title='bbox 1046 839 1059 890; x_wconf 82' lang='grc'><strong><em>5</em></strong></span> 
     </span>
     <span class='ocr_line' id='line_1_7' title="bbox 115 925 1008 1002; baseline 0 -19"><span class='ocrx_word' id='word_1_45' title='bbox 115 926 283 984; x_wconf 90' lang='lat' dir='ltr'>sedetiam</span> <span class='ocrx_word' id='word_1_46' title='bbox 305 937 482 1002; x_wconf 86' lang='lat' dir='ltr'>superesset</span> <span class='ocrx_word' id='word_1_47' title='bbox 506 946 585 1002; x_wconf 89' lang='lat' dir='ltr'>quac</span> <span class='ocrx_word' id='word_1_48' title='bbox 609 926 639 984; x_wconf 93' lang='lat' dir='ltr'>in</span> <span class='ocrx_word' id='word_1_49' title='bbox 663 925 780 985; x_wconf 88' lang='lat' dir='ltr'>aerario</span> <span class='ocrx_word' id='word_1_50' title='bbox 803 932 1008 1002; x_wconf 90' lang='lat' dir='ltr'>reponeretur.</span> 
     </span>
    </p>

    <p class='ocr_par' dir='ltr' id='par_1_4' title="bbox 79 1028 1010 1101">
     <span class='ocr_line' id='line_1_8' title="bbox 79 1028 1010 1101; baseline 0.003 -17"><span class='ocrx_word' id='word_1_51' title='bbox 79 1033 97 1083; x_wconf 91' lang='lat'><strong>6</strong></span> <span class='ocrx_word' id='word_1_52' title='bbox 116 1028 247 1101; x_wconf 87' lang='lat' dir='ltr'>Deinde,</span> <span class='ocrx_word' id='word_1_53' title='bbox 267 1031 309 1087; x_wconf 89' lang='lat' dir='ltr'>M.</span> <span class='ocrx_word' id='word_1_54' title='bbox 328 1030 461 1089; x_wconf 89' lang='lat' dir='ltr'>Claudio</span> <span class='ocrx_word' id='word_1_55' title='bbox 480 1031 513 1088; x_wconf 93' lang='lat' dir='ltr'>L.</span> <span class='ocrx_word' id='word_1_56' title='bbox 533 1029 624 1088; x_wconf 90' lang='lat' dir='ltr'>Furio</span> <span class='ocrx_word' id='word_1_57' title='bbox 642 1029 830 1098; x_wconf 88' lang='lat' dir='ltr'>consulibus,</span> <span class='ocrx_word' id='word_1_58' title='bbox 852 1032 951 1088; x_wconf 91' lang='lat' dir='ltr'>Roma</span> <span class='ocrx_word' id='word_1_59' title='bbox 972 1029 1010 1087; x_wconf 89' lang='lat' dir='ltr'>le-</span> 
     </span>
    </p>

    <p class='ocr_par' dir='ltr' id='par_1_5' title="bbox 27 1133 1061 1418">
     <span class='ocr_line' id='line_1_9' title="bbox 27 1133 1010 1211; baseline 0 -20"><span class='ocrx_word' id='word_1_60' title='bbox 27 1196 29 1201; x_wconf 55' lang='lat'>,</span> <span class='ocrx_word' id='word_1_61' title='bbox 113 1141 177 1209; x_wconf 84' lang='lat' dir='ltr'>gati</span> <span class='ocrx_word' id='word_1_62' title='bbox 200 1133 425 1211; x_wconf 65' lang='lat' dir='ltr'>Karthaginem</span> <span class='ocrx_word' id='word_1_63' title='bbox 446 1141 604 1192; x_wconf 88' lang='lat' dir='ltr'>venerunt.</span> <span class='ocrx_word' id='word_1_64' title='bbox 651 1135 720 1192; x_wconf 93' lang='lat' dir='ltr'>Hos</span> <span class='ocrx_word' id='word_1_65' title='bbox 745 1133 904 1191; x_wconf 85' lang='lat' dir='ltr'>Hannibal</span> <span class='ocrx_word' id='word_1_66' title='bbox 926 1144 1010 1191; x_wconf 91' lang='lat' dir='ltr'>ratus</span> 
     </span>
     <span class='ocr_line' id='line_1_10' title="bbox 115 1235 1010 1314; baseline 0 -20"><span class='ocrx_word' id='word_1_67' title='bbox 115 1246 162 1295; x_wconf 92' lang='lat' dir='ltr'>sui</span> <span class='ocrx_word' id='word_1_68' title='bbox 178 1237 365 1312; x_wconf 89' lang='lat' dir='ltr'>exposcendi</span> <span class='ocrx_word' id='word_1_69' title='bbox 381 1236 479 1314; x_wconf 87' lang='lat' dir='ltr'>gratia</span> <span class='ocrx_word' id='word_1_70' title='bbox 494 1244 615 1309; x_wconf 77' lang='lat' dir='ltr'>missoS,</span> <span class='ocrx_word' id='word_1_71' title='bbox 632 1236 809 1313; x_wconf 85' lang='lat' dir='ltr'>priusquam</span> <span class='ocrx_word' id='word_1_72' title='bbox 829 1235 866 1294; x_wconf 88' lang='lat' dir='ltr'>iis</span> <span class='ocrx_word' id='word_1_73' title='bbox 885 1245 1010 1294; x_wconf 90' lang='lat' dir='ltr'>senatus</span> 
     </span>
     <span class='ocr_line' id='line_1_11' title="bbox 114 1338 1061 1418; baseline 0.001 -21"><span class='ocrx_word' id='word_1_74' title='bbox 114 1338 246 1411; x_wconf 83' lang='lat' dir='ltr'>daretur,</span> <span class='ocrx_word' id='word_1_75' title='bbox 264 1349 373 1400; x_wconf 89' lang='lat' dir='ltr'>navem</span> <span class='ocrx_word' id='word_1_76' title='bbox 397 1340 538 1400; x_wconf 88' lang='lat' dir='ltr'>ascendit</span> <span class='ocrx_word' id='word_1_77' title='bbox 560 1341 639 1398; x_wconf 92' lang='lat' dir='ltr'>clam</span> <span class='ocrx_word' id='word_1_78' title='bbox 662 1350 754 1416; x_wconf 88' lang='lat' dir='ltr'>atque</span> <span class='ocrx_word' id='word_1_79' title='bbox 778 1339 808 1397; x_wconf 93' lang='lat' dir='ltr'>in</span> <span class='ocrx_word' id='word_1_80' title='bbox 831 1339 947 1418; x_wconf 84' lang='lat' dir='ltr'><strong>Syriam</strong></span> <span class='ocrx_word' id='word_1_81' title='bbox 971 1340 1010 1397; x_wconf 86' lang='lat' dir='ltr'>ad</span> <span class='ocrx_word' id='word_1_82' title='bbox 1032 1364 1061 1398; x_wconf 92' lang='lat'>10</span> 
     </span>
    </p>

    <p class='ocr_par' dir='ltr' id='par_1_6' title="bbox 80 1443 1010 1830">
     <span class='ocr_line' id='line_1_12' title="bbox 80 1443 1010 1521; baseline 0.001 -21"><span class='ocrx_word' id='word_1_83' title='bbox 80 1443 304 1502; x_wconf 77' lang='lat' dir='ltr'>&#39;lAntiochum</span> <span class='ocrx_word' id='word_1_84' title='bbox 330 1444 473 1521; x_wconf 82' lang='lat' dir='ltr'>profugit.</span> <span class='ocrx_word' id='word_1_85' title='bbox 528 1444 598 1502; x_wconf 87' lang='lat' dir='ltr'>Hac</span> <span class='ocrx_word' id='word_1_86' title='bbox 624 1451 655 1502; x_wconf 93' lang='lat' dir='ltr'>re</span> <span class='ocrx_word' id='word_1_87' title='bbox 681 1443 783 1519; x_wconf 91' lang='lat' dir='ltr'>palam</span> <span class='ocrx_word' id='word_1_88' title='bbox 806 1444 890 1502; x_wconf 83' lang='lat' dir='ltr'>facta</span> <span class='ocrx_word' id='word_1_89' title='bbox 915 1445 1010 1501; x_wconf 90' lang='lat' dir='ltr'>Poeni</span> 
     </span>
     <span class='ocr_line' id='line_1_13' title="bbox 115 1546 1010 1623; baseline 0 -19"><span class='ocrx_word' id='word_1_90' title='bbox 115 1553 208 1605; x_wconf 90' lang='lat' dir='ltr'>naves</span> <span class='ocrx_word' id='word_1_91' title='bbox 226 1547 311 1619; x_wconf 93' lang='lat' dir='ltr'>duas,</span> <span class='ocrx_word' id='word_1_92' title='bbox 329 1566 407 1622; x_wconf 88' lang='lat' dir='ltr'>quae</span> <span class='ocrx_word' id='word_1_93' title='bbox 426 1566 495 1606; x_wconf 89' lang='lat' dir='ltr'>cum</span> <span class='ocrx_word' id='word_1_94' title='bbox 515 1546 820 1623; x_wconf 88' lang='lat' dir='ltr'>comprehenderent,</span> <span class='ocrx_word' id='word_1_95' title='bbox 839 1555 864 1603; x_wconf 93' lang='lat' dir='ltr'>si</span> <span class='ocrx_word' id='word_1_96' title='bbox 882 1557 1010 1622; x_wconf 90' lang='lat' dir='ltr'>possent</span> 
     </span>
     <span class='ocr_line' id='line_1_14' title="bbox 114 1649 1010 1727; baseline 0 -19"><span class='ocrx_word' id='word_1_97' title='bbox 114 1657 271 1726; x_wconf 81' lang='lat' dir='ltr'>consequi,</span> <span class='ocrx_word' id='word_1_98' title='bbox 286 1657 446 1722; x_wconf 82' lang='lat' dir='ltr'>miserunt3</span> <span class='ocrx_word' id='word_1_99' title='bbox 468 1651 552 1709; x_wconf 90' lang='lat' dir='ltr'>bona</span> <span class='ocrx_word' id='word_1_100' title='bbox 563 1650 629 1708; x_wconf 88' lang='lat' dir='ltr'>eius</span> <span class='ocrx_word' id='word_1_101' title='bbox 641 1649 843 1727; x_wconf 66' lang='lat' dir='ltr'>publicarunt,</span> <span class='ocrx_word' id='word_1_102' title='bbox 855 1650 979 1707; x_wconf 90' lang='lat' dir='ltr'>domum</span> <span class='ocrx_word' id='word_1_103' title='bbox 992 1659 1010 1708; x_wconf 92' lang='lat' dir='ltr'>a</span> 
     </span>
     <span class='ocr_line' id='line_1_15' title="bbox 114 1751 997 1830; baseline 0 -20"><span class='ocrx_word' id='word_1_104' title='bbox 114 1753 323 1812; x_wconf 80' lang='lat' dir='ltr'>fundamentis</span> <span class='ocrx_word' id='word_1_105' title='bbox 339 1753 535 1823; x_wconf 88' lang='lat' dir='ltr'>disiecerunt,</span> <span class='ocrx_word' id='word_1_106' title='bbox 550 1753 650 1830; x_wconf 91' lang='lat' dir='ltr'>ipsum</span> <span class='ocrx_word' id='word_1_107' title='bbox 665 1751 801 1811; x_wconf 87' lang='lat' dir='ltr'>exsulem</span> <span class='ocrx_word' id='word_1_108' title='bbox 817 1752 997 1811; x_wconf 89' lang='lat' dir='ltr'>iudicarunt.</span> 
     </span>
    </p>

    <p class='ocr_par' dir='ltr' id='par_1_7' title="bbox 77 1856 1059 2246">
     <span class='ocr_line' id='line_1_16' title="bbox 77 1856 1059 1933; baseline -0.003 -17"><span class='ocrx_word' id='word_1_109' title='bbox 77 1869 101 1930; x_wconf 79' lang='grc'><strong>8</strong></span> <span class='ocrx_word' id='word_1_110' title='bbox 156 1860 198 1916; x_wconf 90' lang='lat' dir='ltr'>At</span> <span class='ocrx_word' id='word_1_111' title='bbox 212 1857 372 1916; x_wconf 81' lang='lat' dir='ltr'>Hannibal</span> <span class='ocrx_word' id='word_1_112' title='bbox 385 1865 467 1916; x_wconf 91' lang='lat' dir='ltr'>anno</span> <span class='ocrx_word' id='word_1_113' title='bbox 479 1856 570 1916; x_wconf 92' lang='lat' dir='ltr'>tertio</span> <span class='ocrx_word' id='word_1_114' title='bbox 583 1865 747 1933; x_wconf 90' lang='lat' dir='ltr'>postquam</span> <span class='ocrx_word' id='word_1_115' title='bbox 763 1856 856 1914; x_wconf 92' lang='lat' dir='ltr'>domo</span> <span class='ocrx_word' id='word_1_116' title='bbox 871 1857 1010 1933; x_wconf 80' lang='lat' dir='ltr'>profuge-</span> <span class='ocrx_word' id='word_1_117' title='bbox 1031 1880 1059 1930; x_wconf 84' lang='lat'>15</span> 
     </span>
     <span class='ocr_line' id='line_1_17' title="bbox 115 1941 1010 2036; baseline 0.001 -20"><span class='ocrx_word' id='word_1_118' title='bbox 115 1970 168 2032; x_wconf 91' lang='lat' dir='ltr'>rat,</span> <span class='ocrx_word' id='word_1_119' title='bbox 184 1963 217 2018; x_wconf 93' lang='lat' dir='ltr'>L.</span> <span class='ocrx_word' id='word_1_120' title='bbox 230 1961 376 2020; x_wconf 88' lang='lat' dir='ltr'>Cornelio</span> <span class='ocrx_word' id='word_1_121' title='bbox 388 1961 426 2034; x_wconf 92' lang='lat' dir='ltr'>Q.</span> <span class='ocrx_word' id='word_1_122' title='bbox 441 1959 579 2019; x_wconf 90' lang='lat' dir='ltr'>Minucio</span> <span class='ocrx_word' id='word_1_123' title='bbox 592 1941 780 2031; x_wconf 70' lang='lat' dir='ltr'>consulibus</span> <span class='ocrx_word' id='word_1_124' title='bbox 793 1978 861 2016; x_wconf 94' lang='lat' dir='ltr'>cum</span> <span class='ocrx_word' id='word_1_125' title='bbox 874 1968 1010 2036; x_wconf 91' lang='lat' dir='ltr'>quinque</span> 
     </span>
     <span class='ocr_line' id='line_1_18' title="bbox 114 2045 1009 2144; baseline -0.001 -24"><span class='ocrx_word' id='word_1_126' title='bbox 114 2063 245 2123; x_wconf 89' lang='lat' dir='ltr'>navibus</span> <span class='ocrx_word' id='word_1_127' title='bbox 267 2055 403 2122; x_wconf 67' lang='lat' dir='ltr'>hiricam</span> <span class='ocrx_word' id='word_1_128' title='bbox 426 2063 558 2122; x_wconf 90' lang='lat' dir='ltr'>accessit</span> <span class='ocrx_word' id='word_1_129' title='bbox 579 2063 610 2121; x_wconf 92' lang='lat' dir='ltr'>in</span> <span class='ocrx_word' id='word_1_130' title='bbox 632 2065 748 2124; x_wconf 83' lang='lat' dir='ltr'>finibus</span> <span class='ocrx_word' id='word_1_131' title='bbox 771 2045 1009 2144; x_wconf 73' lang='lat' dir='ltr'>Cyrenaeorum,</span> 
     </span>
     <span class='ocr_line' id='line_1_19' title="bbox 114 2167 1010 2246; baseline 0.004 -22"><span class='ocrx_word' id='word_1_132' title='bbox 114 2177 139 2224; x_wconf 91' lang='lat' dir='ltr'>si</span> <span class='ocrx_word' id='word_1_133' title='bbox 165 2167 244 2226; x_wconf 80' lang='lat' dir='ltr'>forte</span> <span class='ocrx_word' id='word_1_134' title='bbox 270 2167 546 2244; x_wconf 71' lang='lat' dir='ltr'>Karthaginienses</span> <span class='ocrx_word' id='word_1_135' title='bbox 575 2169 614 2226; x_wconf 92' lang='lat' dir='ltr'>ad</span> <span class='ocrx_word' id='word_1_136' title='bbox 643 2169 757 2226; x_wconf 93' lang='lat' dir='ltr'>bellum</span> <span class='ocrx_word' id='word_1_137' title='bbox 783 2170 929 2228; x_wconf 87' lang='lat' dir='ltr'>Antiochi</span> <span class='ocrx_word' id='word_1_138' title='bbox 956 2177 1010 2246; x_wconf 91' lang='lat' dir='ltr'>spe</span> 
     </span>
    </p>

    <p class='ocr_par' dir='ltr' id='par_1_8' title="bbox 40 2270 1061 2452">
     <span class='ocr_line' id='line_1_20' title="bbox 40 2270 1011 2349; baseline 0.005 -23"><span class='ocrx_word' id='word_1_139' title='bbox 40 2307 44 2313; x_wconf 92' lang='lat'><em>-</em></span> <span class='ocrx_word' id='word_1_140' title='bbox 113 2270 289 2347; x_wconf 81' lang='lat' dir='ltr'>fiduciaque</span> <span class='ocrx_word' id='word_1_141' title='bbox 319 2270 543 2342; x_wconf 89' lang='lat' dir='ltr'>inducerentur,</span> <span class='ocrx_word' id='word_1_142' title='bbox 571 2271 619 2329; x_wconf 91' lang='lat' dir='ltr'>cui</span> <span class='ocrx_word' id='word_1_143' title='bbox 655 2271 715 2330; x_wconf 90' lang='lat' dir='ltr'>iam</span> <span class='ocrx_word' id='word_1_144' title='bbox 750 2282 946 2349; x_wconf 85' lang='lat' dir='ltr'>persuaserat</span> <span class='ocrx_word' id='word_1_145' title='bbox 978 2282 1011 2331; x_wconf 91' lang='lat' dir='ltr'>ut</span> 
     </span>
     <span class='ocr_line' id='line_1_21' title="bbox 114 2362 1061 2452; baseline 0.004 -20"><span class='ocrx_word' id='word_1_146' title='bbox 114 2393 183 2432; x_wconf 93' lang='lat' dir='ltr'>cum</span> <span class='ocrx_word' id='word_1_147' title='bbox 206 2375 390 2434; x_wconf 83' lang='lat' dir='ltr'>exercitibus</span> <span class='ocrx_word' id='word_1_148' title='bbox 416 2375 447 2433; x_wconf 94' lang='lat' dir='ltr'>in</span> <span class='ocrx_word' id='word_1_149' title='bbox 475 2362 597 2435; x_wconf 90' lang='lat' dir='ltr'>ltaliam</span> <span class='ocrx_word' id='word_1_150' title='bbox 628 2377 879 2452; x_wconf 89' lang='lat' dir='ltr'>proficisceretur.</span> <span class='ocrx_word' id='word_1_151' title='bbox 940 2379 1011 2436; x_wconf 92' lang='lat' dir='ltr'>Huc</span> <span class='ocrx_word' id='word_1_152' title='bbox 1031 2395 1061 2429; x_wconf 88' lang='lat'>20</span> 
     </span>
    </p>

    <p class='ocr_par' dir='ltr' id='par_1_9' title="bbox 79 2478 1062 3074">
     <span class='ocr_line' id='line_1_22' title="bbox 79 2478 1011 2554; baseline 0.004 -18"><span class='ocrx_word' id='word_1_153' title='bbox 79 2479 282 2554; x_wconf 85' lang='lat' dir='ltr'>2Magonem</span> <span class='ocrx_word' id='word_1_154' title='bbox 306 2479 430 2537; x_wconf 82' lang='lat' dir='ltr'>fratrem</span> <span class='ocrx_word' id='word_1_155' title='bbox 458 2478 577 2538; x_wconf 88' lang='lat' dir='ltr'>excivit.</span> <span class='ocrx_word' id='word_1_156' title='bbox 625 2480 661 2538; x_wconf 95' lang='lat' dir='ltr'>Id</span> <span class='ocrx_word' id='word_1_157' title='bbox 685 2480 737 2538; x_wconf 93' lang='lat' dir='ltr'>ubi</span> <span class='ocrx_word' id='word_1_158' title='bbox 763 2483 859 2539; x_wconf 89' lang='lat' dir='ltr'>Poeni</span> <span class='ocrx_word' id='word_1_159' title='bbox 885 2489 1011 2540; x_wconf 89' lang='lat' dir='ltr'>rescive-</span> 
     </span>
     <span class='ocr_line' id='line_1_23' title="bbox 114 2583 1011 2659; baseline 0.007 -21"><span class='ocrx_word' id='word_1_160' title='bbox 114 2592 192 2654; x_wconf 91' lang='lat' dir='ltr'>runt,</span> <span class='ocrx_word' id='word_1_161' title='bbox 208 2583 374 2658; x_wconf 84' lang='lat' dir='ltr'>Magonem</span> <span class='ocrx_word' id='word_1_162' title='bbox 391 2583 498 2642; x_wconf 88' lang='lat' dir='ltr'>eadem</span> <span class='ocrx_word' id='word_1_163' title='bbox 517 2592 577 2659; x_wconf 92' lang='lat' dir='ltr'>qua</span> <span class='ocrx_word' id='word_1_164' title='bbox 600 2585 724 2643; x_wconf 84' lang='lat' dir='ltr'>fratrem</span> <span class='ocrx_word' id='word_1_165' title='bbox 747 2586 907 2644; x_wconf 88' lang='lat' dir='ltr'>absentem</span> <span class='ocrx_word' id='word_1_166' title='bbox 931 2585 1011 2644; x_wconf 84' lang='lat' dir='ltr'>adfe-</span> 
     </span>
     <span class='ocr_line' id='line_1_24' title="bbox 114 2686 1012 2763; baseline 0.004 -20"><span class='ocrx_word' id='word_1_167' title='bbox 114 2691 221 2744; x_wconf 89' lang='lat' dir='ltr'>cerunt</span> <span class='ocrx_word' id='word_1_168' title='bbox 236 2695 344 2760; x_wconf 91' lang='lat' dir='ltr'>poena.</span> <span class='ocrx_word' id='word_1_169' title='bbox 392 2686 441 2744; x_wconf 79' lang='lat' dir='ltr'>lili</span> <span class='ocrx_word' id='word_1_170' title='bbox 457 2687 628 2763; x_wconf 88' lang='lat' dir='ltr'>desperatis</span> <span class='ocrx_word' id='word_1_171' title='bbox 648 2688 740 2748; x_wconf 90' lang='lat' dir='ltr'>rebus</span> <span class='ocrx_word' id='word_1_172' title='bbox 758 2708 828 2748; x_wconf 93' lang='lat' dir='ltr'>cum</span> <span class='ocrx_word' id='word_1_173' title='bbox 846 2688 1012 2747; x_wconf 87' lang='lat' dir='ltr'>solvissent</span> 
     </span>
     <span class='ocr_line' id='line_1_25' title="bbox 114 2790 1012 2862; baseline 0.002 -16"><span class='ocrx_word' id='word_1_174' title='bbox 114 2795 208 2847; x_wconf 89' lang='lat' dir='ltr'>naves</span> <span class='ocrx_word' id='word_1_175' title='bbox 228 2797 263 2846; x_wconf 93' lang='lat' dir='ltr'>ac</span> <span class='ocrx_word' id='word_1_176' title='bbox 285 2790 352 2847; x_wconf 86' lang='lat' dir='ltr'>vela</span> <span class='ocrx_word' id='word_1_177' title='bbox 374 2799 474 2848; x_wconf 91' lang='lat' dir='ltr'>ventis</span> <span class='ocrx_word' id='word_1_178' title='bbox 495 2790 664 2862; x_wconf 90' lang='lat' dir='ltr'>dedissent,</span> <span class='ocrx_word' id='word_1_179' title='bbox 684 2792 844 2851; x_wconf 90' lang='lat' dir='ltr'>Hannibal</span> <span class='ocrx_word' id='word_1_180' title='bbox 868 2793 906 2850; x_wconf 94' lang='lat' dir='ltr'>ad</span> <span class='ocrx_word' id='word_1_181' title='bbox 928 2791 1012 2850; x_wconf 88' lang='lat' dir='ltr'>Anti-</span> 
     </span>
     <span class='ocr_line' id='line_1_26' title="bbox 114 2892 1062 2971; baseline 0.002 -21"><span class='ocrx_word' id='word_1_182' title='bbox 114 2892 223 2950; x_wconf 92' lang='lat' dir='ltr'>ochum</span> <span class='ocrx_word' id='word_1_183' title='bbox 246 2892 394 2968; x_wconf 91' lang='lat' dir='ltr'>pervenit.</span> <span class='ocrx_word' id='word_1_184' title='bbox 442 2895 489 2951; x_wconf 92' lang='lat' dir='ltr'>De</span> <span class='ocrx_word' id='word_1_185' title='bbox 513 2893 655 2970; x_wconf 84' lang='lat' dir='ltr'>Magonis</span> <span class='ocrx_word' id='word_1_186' title='bbox 676 2893 801 2955; x_wconf 89' lang='lat' dir='ltr'>interitu</span> <span class='ocrx_word' id='word_1_187' title='bbox 822 2895 934 2971; x_wconf 87' lang='lat' dir='ltr'>duplex</span> <span class='ocrx_word' id='word_1_188' title='bbox 955 2914 1013 2952; x_wconf 92' lang='lat' dir='ltr'>me·</span> <span class='ocrx_word' id='word_1_189' title='bbox 1032 2909 1062 2960; x_wconf 84' lang='lat'>25</span> 
     </span>
     <span class='ocr_line' id='line_1_27' title="bbox 113 2995 1012 3074; baseline 0.006 -23"><span class='ocrx_word' id='word_1_190' title='bbox 113 2995 209 3053; x_wconf 89' lang='lat' dir='ltr'>moria</span> <span class='ocrx_word' id='word_1_191' title='bbox 239 2995 362 3072; x_wconf 87' lang='lat' dir='ltr'>prodita</span> <span class='ocrx_word' id='word_1_192' title='bbox 388 3007 453 3054; x_wconf 87' lang='lat' dir='ltr'>est:</span> <span class='ocrx_word' id='word_1_193' title='bbox 484 3016 617 3073; x_wconf 84' lang='lat' dir='ltr'>namque</span> <span class='ocrx_word' id='word_1_194' title='bbox 641 2997 691 3054; x_wconf 88' lang='lat' dir='ltr'>alii</span> <span class='ocrx_word' id='word_1_195' title='bbox 719 2997 889 3074; x_wconf 86' lang='lat' dir='ltr'>naufragio,</span> <span class='ocrx_word' id='word_1_196' title='bbox 918 2998 969 3056; x_wconf 92' lang='lat' dir='ltr'>alii</span> <span class='ocrx_word' id='word_1_197' title='bbox 995 3007 1012 3056; x_wconf 93' lang='lat' dir='ltr'>a</span> 
     </span>
    </p>

    <p class='ocr_par' dir='ltr' id='par_1_10' title="bbox 149 3146 1013 3216">
     <span class='ocr_line' id='line_1_28' title="bbox 149 3146 1013 3216; baseline 0.002 -22"><span class='ocrx_word' id='word_1_198' title='bbox 149 3161 174 3195; x_wconf 89' lang='lat'>11</span> <span class='ocrx_word' id='word_1_199' title='bbox 197 3148 288 3212; x_wconf 81' lang='lat' dir='ltr'>palam</span> <span class='ocrx_word' id='word_1_200' title='bbox 301 3146 385 3212; x_wconf 73' lang='lat' dir='ltr'>facti,</span> <span class='ocrx_word' id='word_1_201' title='bbox 400 3151 529 3197; x_wconf 61' lang='lat' dir='ltr'>iniuriam.</span> <span class='ocrx_word' id='word_1_202' title='bbox 538 3178 571 3185; x_wconf 90' lang='lat'><em>-</em></span> <span class='ocrx_word' id='word_1_203' title='bbox 582 3163 611 3210; x_wconf 83' lang='lat'>14</span> <span class='ocrx_word' id='word_1_204' title='bbox 629 3148 797 3216; x_wconf 75' lang='lat' dir='ltr'>iudicarunt,</span> <span class='ocrx_word' id='word_1_205' title='bbox 810 3151 1013 3198; x_wconf 70' lang='lat' dir='ltr'>declaraverunt.</span> 
     </span>
    </p>
   </div>
   <div class='ocr_carea' id='block_1_3' title="bbox 92 3232 1015 3370">
    <p class='ocr_par' dir='ltr' id='par_1_11' title="bbox 92 3232 1015 3370">
     <span class='ocr_line' id='line_1_29' title="bbox 112 3232 1015 3298; baseline 0.006 -19"><span class='ocrx_word' id='word_1_206' title='bbox 112 3260 145 3267; x_wconf 91' lang='lat'><em>-</em></span> <span class='ocrx_word' id='word_1_207' title='bbox 154 3246 181 3279; x_wconf 83' lang='lat'>21</span> <span class='ocrx_word' id='word_1_208' title='bbox 197 3232 306 3296; x_wconf 78' lang='lat' dir='ltr'>excivit,</span> <span class='ocrx_word' id='word_1_209' title='bbox 320 3235 448 3290; x_wconf 55' lang='lat' dir='ltr'>ewardum</span> <span class='ocrx_word' id='word_1_210' title='bbox 463 3234 638 3295; x_wconf 76' lang='lat' dir='ltr'>resciverunt,</span> <span class='ocrx_word' id='word_1_211' title='bbox 652 3238 904 3298; x_wconf 71' lang='lat' dir='ltr'>cegrroverunt.-25</span> <span class='ocrx_word' id='word_1_212' title='bbox 917 3245 1015 3284; x_wconf 84' lang='lat' dir='ltr'>memo-</span> 
     </span>
     <span class='ocr_line' id='line_1_30' title="bbox 92 3310 254 3370; baseline 0.025 -16"><span class='ocrx_word' id='word_1_213' title='bbox 92 3310 147 3369; x_wconf 66' lang='lat'>1&#39;122,</span> <span class='ocrx_word' id='word_1_214' title='bbox 158 3314 254 3370; x_wconf 68' lang='lat' dir='ltr'>ssim.</span> 
     </span>
    </p>
   </div>
   <div class='ocr_carea' id='block_1_4' title="bbox 0 0 1152 3638">
    <p class='ocr_par' dir='ltr' id='par_1_12' title="bbox 0 0 1152 3638">
     <span class='ocr_line' id='line_1_31' title="bbox 0 0 1152 3638; baseline 0 0"><span class='ocrx_word' id='word_1_215' title='bbox 0 0 1152 3638; x_wconf 95' lang='lat' dir='ltr'> </span> 
     </span>
    </p>
   </div>
  </div>
 </body>
</html>
