2294 3638
369 555 755 690 rflellrsroctes.

76 845 99 903 1
156 838 415 909 Trrarrrsrocses
434 835 545 894 Neocli
559 835 651 908 filius,
669 835 878 895 Atheniensis.
908 837 1009 897 Heius

114 939 189 999 vitia
204 938 339 999 ineuntis
359 939 588 1000 adulescentiae
611 948 730 1016 megnis
753 950 825 999 sunt
847 941 1011 1001 emendeta

115 1043 287 1116 virtetibuS‚
311 1044 390 1104 adee
416 1053 450 1102 ut
479 1043 668 1101 anteferetur
697 1042 767 1102 huic
797 1051 896 1116 neme,
920 1054 1011 1121 pauci

81 1157 98 1208 2
115 1154 205 1224 pares
220 1156 374 1222 putentur.
404 1146 466 1205 Sed
482 1144 521 1204 ab
537 1144 625 1205 initie
641 1155 689 1204 est
704 1142 895 1207 erdiendr'rm.
921 1150 1012 1206 Pater

116 1250 182 1310 eius
198 1250 331 1309 Neocles
346 1257 515 1327 generesus
530 1249 597 1308 ruit.
626 1251 658 1308 Is
674 1257 798 1309 uxerem
816 1254 1011 1310 Acarnanam
1049 1276 1062 1327 5

116 1362 214 1412 civem
236 1352 330 1425 deurit,
347 1372 385 1411 ex
407 1361 468 1429 que
491 1361 582 1411 netus
603 1362 651 1411 est
670 1352 904 1413 Themistocles.
950 1355 1012 1427 Qui

116 1474 186 1516 cum
201 1456 302 1524 minus
318 1466 408 1515 esset.
419 1456 568 1532 probatus
589 1455 778 1531 parentibus
796 1457 880 1532 quod
895 1467 926 1516 et
941 1458 1013 1516 libe·

116 1560 179 1619 rius
197 1558 321 1618 vivebat
342 1568 372 1618 et
392 1577 456 1618 rem
477 1557 659 1617 familierem
683 1558 875 1635 neglegebat,
892 1569 1012 1637 epatre

82 1671 100 1722 3
116 1663 321 1722 exheredatus
344 1672 399 1722 est.
445 1662 534 1736 Quae
549 1662 735 1720 contumelia
750 1670 812 1722 nen
827 1663 918 1740 fregit
933 1683 1011 1735 eum,

117 1767 173 1826 sed
206 1766 310 1826 erexit.
362 1769 442 1825 Nam
480 1783 550 1823 eum
587 1764 755 1824 indicasset
791 1765 858 1825 sine
895 1777 1013 1827 summe
1034 1795 1063 1829 10

117 1869 269 1928 industrie
284 1876 346 1928 nen
364 1887 456 1945 posse
473 1887 540 1927 eam
556 1867 718 1944 exstingui,
732 1876 829 1927 tetum
846 1877 879 1928 se
895 1869 1013 1929 dedidit

117 1981 161 2032 rei
176 1958 333 2049 'pflblicae
351 1971 530 2048 diligentius
553 1980 660 2030 amicis
683 1971 844 2048 ternaeque
865 1973 1011 2032 serviens.
1085 1998 1095 2049 ,'

119 2072 252 2135 Multum
264 2075 295 2133 in
308 2074 431 2134 ir'rdiciis
446 2083 574 2150 privetis
590 2075 777 2146 versebetur‚
788 2094 881 2152 saepe
897 2076 927 2133 in
944 2083 1014 2136 cen·

117 2179 234 2239 tienem
257 2177 363 2255 populi
387 2178 548 2254 predibat;
577 2177 661 2236 nella
687 2185 734 2236 res
760 2178 858 2237 meior
883 2179 950 2238 sine
976 2187 1014 2239 ee

116 2283 289 2361 gerebetur,
300 2280 440 2340 celeriter
452 2299 530 2357 quae
542 2300 620 2356 opus
633 2289 720 2338 erant
732 2282 911 2358 reperiebat,
923 2282 1014 2342 facile
1035 2308 1064 2361 15

31 2392 35 2400 '
62 2427 65 2432 -
82 2395 100 2445 4
118 2386 227 2445 eadem
243 2384 383 2445 eretiene
399 2382 582 2460 explicebat.
628 2386 737 2460 Neque
760 2384 861 2444 minus
876 2385 907 2443 in
923 2387 1014 2445 rebus

116 2489 261 2568 gerendis
283 2495 443 2564 premptus
460 2506 551 2562 quam
567 2486 779 2564 exeegitandis
795 2498 868 2560 erat,
886 2491 969 2565 quod
984 2500 1015 2549 et

117 2580 165 2652 de
179 2591 376 2663 instantibus,
400 2600 434 2649 ut
459 2589 502 2648 ait
525 2590 734 2669 Thucydides,
758 2590 916 2651 verissime
941 2592 1015 2651 iudi-

117 2695 211 2755 cebat
232 2703 263 2753 et
285 2694 324 2753 de
346 2693 456 2752 luteris
489 2692 687 2751 callidissime
716 2692 899 2753 coniciebat.
944 2696 1016 2769 Que

116 2798 235 2865 iactum
250 2806 298 2857 est
313 2806 347 2855 ut
362 2796 448 2854 brevi
463 2805 601 2871 tempore
617 2795 837 2855 inlustraretur.
1036 2829 1066 2863 20

160 2985 174 3020 2
198 2971 353 3034 emendita,
377 2973 560 3028 correcta-4
584 2971 724 3034 putentur,
749 2972 928 3018 existimentur
934 2988 946 3029 ;
975 2975 1017 3024 est

115 3049 285 3119 ordiendum,
312 3058 349 3109 ert
373 3052 600 3114 inrepiendum.-
610 3064 623 3116 5
650 3054 770 3118 uxerem,
798 3054 1033 3115 coniugem-m

115 3136 275 3201 ἰῆᾶίοἰοεθῒ,
288 3136 410 3183 sensisset.
419 3163 453 3170 —
464 3148 490 3182 11
507 3134 656 3204 industrii,
670 3138 821 3203 diligentie.
