2294 3638
421 197 627 245 HANNIBAL.
665 210 702 244 11.
768 228 771 232 -
977 194 1007 247 75

66 364 184 425 tlTalr
199 364 412 423 cohortetiene
434 363 564 422 militum
586 364 670 423 lacte
693 362 801 422 classis
817 364 856 422 ab
873 371 1009 438 utrisque

114 468 145 525 in
175 467 324 550 proelium
350 467 520 525 deducitur.
577 467 714 541 Quarum
741 466 806 525 acie
833 466 1008 538 censtitute,

115 571 293 647 priusquam
322 580 443 647 signum
470 580 591 647 pugnae
618 570 751 642 daretur,
782 569 949 642 Hannibal,
978 579 1011 627 ut

114 674 216 750 palam
234 675 350 733 laceret
368 668 512 749 suisque
531 673 599 733 loce
621 674 775 732 Eumenes
800 683 892 745 esset,
917 673 1010 731 tabel-

81 778 222 837 alatrium
241 777 271 835 in
291 778 408 853 scaphe
428 796 497 835 cum
518 778 654 836 caduces)
673 776 774 835 mittit.
819 776 881 849 Qui
899 775 952 834 ubi
970 776 1010 834 ad
1030 793 1042 844 5

116 888 210 940 neves
234 880 476 939 adversariorum
500 880 641 956 pervenit
664 879 888 956 epistulamque
911 889 1010 937 osten-

116 984 193 1042 dens
219 991 252 1042 se
278 991 381 1061 regem
407 984 566 1060 professus
590 992 638 1042 est
662 1001 816 1059 quaerere,
842 982 945 1041 statim
971 983 1010 1040 ad

117 1088 284 1146 Eumenem
300 1087 452 1146 deductus
472 1096 528 1159 est,
546 1087 629 1163 quod
645 1094 735 1146 neme
751 1085 914 1145 dubitebat
936 1094 1009 1162 quin

116 1190 233 1267 aliquid
252 1191 290 1249 de
308 1199 385 1267 pecc
404 1200 488 1249 esset
506 1199 661 1266 scriptum.
708 1189 910 1262 Tabellarius,
923 1189 1010 1249 ducis

81 1397 240 1473 3recepit.
294 1400 336 1455 At
361 1398 514 1455 Eumenes
538 1397 637 1455 solute
662 1382 794 1473 epistule
818 1396 894 1454 nibil
918 1396 949 1455 in
974 1405 1011 1456 ee

116 1500 250 1577 repperit
268 1500 327 1559 nisi
347 1519 426 1577 quae
445 1501 484 1558 ad
503 1501 699 1559 inridendum
720 1519 790 1558 eum
811 1500 1009 1577 pertinerent.

118 1603 213 1663 Cuius
234 1612 292 1662 etsi
312 1622 437 1662 causam
458 1605 626 1663 mirebetur
646 1622 747 1680 neque
768 1604 948 1681 reperiebat,
969 1612 1012 1661 ta-

117 1726 186 1766 men
216 1707 366 1783 proelium
399 1707 503 1766 statim
537 1707 726 1766 committere
756 1715 818 1767 nen
849 1706 1010 1767 dubitavit.

81 1822 99 1869 4
119 1813 239 1870 Herum
258 1810 289 1868 in
308 1820 458 1869 concursu
481 1810 616 1889 Bithynii
638 1810 826 1869 Hannibalis
846 1818 1012 1888 praecepte
1033 1827 1061 1879 15

117 1913 251 1972 universi
270 1923 380 1972 navem
400 1914 547 1972 Eumenis
565 1913 753 1973 adoriuntur.
798 1914 936 1987 Querum
949 1914 1013 1972 'vim

117 2024 169 2075 rex
191 2036 260 2076 curn
283 2016 434 2077 sustinere
454 2024 516 2077 nen
536 2026 651 2093 posset,
668 2017 742 2094 luge
765 2017 894 2076 salutem
915 2017 1012 2094 petit;

118 2139 209 2196 quam
225 2128 412 2180 censecutus
427 2127 489 2179 non
508 2129 599 2192 esset,
618 2119 676 2178 nisi
692 2119 771 2178 intre
787 2139 843 2178 sua
859 2120 1013 2198 praesidia

117 2230 151 2282 se
163 2223 340 2300 recepisset,
352 2242 431 2300 quae
444 2223 474 2280 in
488 2223 627 2301 proxime
642 2223 729 2282 litore
742 2233 829 2282 erant
841 2224 1011 2283 conlocata.

82 2341 99 2390 5
119 2327 269 2404 Reliquae
287 2329 492 2404 Pergamenae
508 2335 604 2387 neves
615 2346 683 2385 curn
696 2327 888 2387 adverseries
900 2345 1014 2404 preme·
1033 2345 1064 2378 20

117 2440 186 2489 rent
208 2431 316 2502 acriuS,
334 2440 462 2506 repente
485 2430 516 2488 in
539 2439 592 2488 ees
614 2438 689 2489 vesa
711 2429 827 2502 fictilia,
845 2432 883 2489 de
902 2430 1014 2507 quibus

118 2543 211 2609 supre
223 2533 411 2592 mentionem
423 2533 562 2605 fecimus
577 2534 676 2592 conici
688 2543 798 2610 coepta
811 2544 891 2592 sunt.
926 2533 1014 2608 Quae

118 2636 199 2695 iacta
225 2637 313 2695 initio
340 2646 433 2694 risum
460 2637 668 2714 pugnantibus
693 2636 888 2696 concitarunt
914 2656 1014 2714 neque

82 2747 212 2816 equare
233 2739 264 2798 id
285 2741 371 2798 fieret
392 2750 513 2815 poterat
534 2739 679 2818 intellegi.
726 2742 894 2816 Postquam
913 2750 1014 2798 autem

118 2850 212 2902 neves
229 2852 301 2902 sues
314 2843 455 2919 oppletas
471 2850 698 2920 conspexerunt
714 2843 919 2920 serpentibus
934 2853 1014 2903 nove
1033 2859 1064 2912 25

117 2952 149 3004 re
175 2945 337 3023 perterriti,
365 2964 434 3004 cum
465 2946 539 3022 quid
569 2946 762 3022 potissimum
787 2955 920 3006 viterent
952 2954 1013 3007 non

160 3113 190 3146 10
219 3099 364 3162 declarati,
393 3100 514 3146 indicata.
529 3128 562 3134 —
577 3112 608 3162 19
639 3101 667 3149 se
698 3098 852 3164 recepisset,
885 3100 1016 3158 rediisset;

116 3180 193 3233 erant
223 3183 371 3246 conloceta,
396 3189 472 3252 erant
497 3185 629 3244 posita.-
643 3195 669 3229 21
699 3183 817 3246 repente,
845 3184 973 3231 subien-
986 3198 1016 3248 23

116 3267 294 3329 concitirunt,
312 3270 450 3312 nro'verunt.
