2294 3638
105 204 137 254 32
388 201 620 250 ALCIBIADES.
656 215 680 266 3,
689 216 713 262 4.

106 372 137 429 in
153 380 190 431 ee
206 372 362 431 habebant
377 371 549 443 mximam,
566 370 731 429 sedetiam
752 370 903 445 timerem,
920 373 1001 449 quod

72 485 90 535 6
106 486 136 535 et
151 477 262 535 obesse
278 474 439 552 plurimum
459 484 490 533 et
509 475 658 551 predesse
679 483 807 550 poterat.
854 479 1002 554 Asperge·

105 581 196 638 betur
224 579 317 639 etiam
346 578 480 650 infrimia,
512 578 594 654 quod
623 577 654 635 in
684 578 776 637 dome
809 588 866 638 suri
901 581 1002 639 facere

106 683 249 760 mysteria
264 682 442 752 dicebatur3
474 681 557 757 quod
579 681 667 739 neseis
689 690 755 740 erat
776 689 862 741 mere
878 683 1002 742 Atheni·

106 787 234 859 ensium,
251 786 344 861 idque
367 793 429 844 nen
451 785 490 842 ad
516 784 703 861 religienum,
721 785 776 843 sed
801 785 841 843 ad
868 786 1002 845 coniure·
1036 799 1047 851 5

106 891 221 950 tienem
237 890 388 966 pertinere
404 889 644 948 existimabitur.

70 1000 93 1058 4
150 996 221 1053 Hec
237 993 363 1052 crimine
379 992 409 1049 in
426 991 571 1051 centiens
587 992 626 1050 ab
646 991 779 1051 inimicis
800 994 1003 1070 compellebe·

106 1106 161 1156 tur.
208 1096 419 1155 Sed'instebat
441 1105 560 1171 tempus
584 1095 623 1153 ad
645 1096 765 1157 bellum,
777 1097 1001 1171 proficiscendi.

107 1201 145 1259 ld
160 1200 209 1260 ille
226 1200 348 1259 intuens
364 1219 464 1275 neque
487 1206 631 1276 ignerains
653 1199 764 1258 civium
787 1208 913 1260 suerum
935 1209 1003 1261 cen-

107 1304 299 1363 suetudinem
326 1304 509 1380 postulabat,
536 1312 561 1362 si
585 1302 660 1378 quid
683 1303 722 1362 de
745 1310 779 1362 se
805 1313 856 1381 agi
879 1305 1001 1377 vellent,
1020 1324 1050 1387 ιιο

106 1408 209 1484 potius
225 1408 262 1466 de
278 1417 440 1483 praesente
452 1406 592 1482 quaestir')
607 1407 771 1466 haberetur
782 1426 874 1482 quarn
891 1409 1004 1468 absens

72 1511 240 1570 2invidiae
270 1511 395 1569 crimine
425 1517 627 1569 accerseretur.
684 1509 806 1569 Inimici
835 1518 909 1571 vere
939 1512 1004 1571 eius

107 1615 327 1691 quiescendum
343 1614 373 1672 in
389 1624 552 1690 praesenti,
569 1613 642 1689 quia
657 1621 760 1672 noceri
780 1622 809 1672 ei
829 1621 893 1674 nen
913 1635 1004 1692 posse

107 1719 334 1796 intellegebant,
351 1729 382 1778 et
397 1718 472 1777 illud
494 1728 615 1795 tempus
638 1719 880 1795 exspectandum
903 1720 1004 1779 decre-

106 1831 215 1883 verunt
251 1831 312 1900 que
345 1831 467 1895 exisset,
499 1833 532 1882 ut
562 1824 720 1882 absentem
755 1823 1002 1900 aggrederentur,
1023 1832 1051 1885 ¹5

72 1928 209 2004 :litaque
229 1929 376 1986 fecerunt.
433 1929 513 1984 Nam
535 1935 699 2002 postquam
721 1925 752 1983 in
777 1925 911 1985 Siciliam
934 1946 1003 1987 eum

106 2031 283 2108 pervenisse
299 2030 503 2103 crediderunt,
517 2032 685 2103 absentem,
699 2029 782 2105 quod
798 2049 885 2090 sacra
896 2029 1004 2091 violes·

107 2146 162 2208 set,
179 2155 263 2194 reum
283 2136 430 2193 fecerunt.
476 2135 547 2208 Qua
568 2135 607 2193 de
632 2141 665 2192 re
690 2153 760 2192 cum
783 2142 812 2192 ei
838 2133 1004 2194 nirntiusa't

106 2239 284 2316 magistretir
307 2238 337 2296 in
358 2237 492 2297 Siciliam
514 2247 625 2296 missus
647 2247 738 2310 esset,
763 2246 796 2296 ut
817 2238 942 2298 domurn
965 2238 1004 2298 ad

106 2363 231 2402 causam
257 2343 420 2401 dicendam
447 2342 568 2413 rediret,
585 2350 728 2416 essetque
752 2340 783 2398 in
809 2350 924 2418 migne
949 2348 1003 2417 spe
1022 2361 1050 2395 20

106 2447 282 2524 provinciae
304 2447 383 2505 bene
407 2445 675 2517 administrandae,
692 2450 756 2504 nen
777 2451 884 2520 perere
907 2445 1003 2521 nelnit

106 2563 137 2610 et
166 2552 197 2609 in
228 2551 390 2623 triremem,
419 2569 497 2626 quae
528 2550 567 2608 ad
596 2568 665 2607 eum
681 2558 746 2607 erat
778 2548 1003 2625 deportandum

72 2665 207 2728 emissa,
233 2655 381 2713 ascendit.
429 2655 499 2712 Hac
523 2652 655 2712 Thirries
680 2652 711 2709 in
733 2645 858 2710 ltaliam
882 2659 1002 2728 pervec-

106 2769 164 2832 tus,
181 2760 276 2818 multa
297 2766 400 2817 secum
426 2766 572 2833 reputeris
599 2757 637 2815 de
664 2755 865 2815 immoderete
891 2756 1002 2815 civium

106 2871 229 2922 suerum
252 2861 376 2920 licentiri
398 2860 638 2935 crudelitateque
661 2868 733 2936 erge
758 2858 1002 2932 nebilespr'rtilis
1020 2877 1049 2929 ²5

148 2996 403 3059 7c0mpellib5tur,
433 2994 618 3056 appelldbdtur.
631 3006 692 3054 -9
715 2992 835 3058 intuens,
864 2995 893 3040 in
923 3000 1002 3041 mente

106 3081 286 3129 habene-11
308 3079 460 3141 haberetur,
481 3078 564 3140 fieret.
575 3105 608 3113 -
621 3091 649 3136 14
667 3076 871 3141 intellegebant,
888 3077 1000 3125 sciebant.

105 3165 331 3226 -decreverunt,
350 3167 500 3210 statuerunt.
510 3191 543 3197 —
554 3175 563 3208 r
570 3175 582 3225 5
599 3161 816 3226 aggrederentur,
828 3162 1000 3210 adorirentur.

109 3248 137 3296 18
155 3261 230 3297 reum
247 3245 378 3310 fecerunt,
395 3249 586 3292 accasdverunt,
596 3272 629 3280 -
639 3257 670 3303 24
688 3245 827 3309 reputeris,
844 3245 1002 3308 uigilans.-

105 3345 120 3378 2
120 3343 137 3396 5
155 3333 228 3396 erge,
241 3332 276 3377 in.
