2294 3638
437 213 642 262 HANNIBAL.
680 229 700 262 2.
984 213 1017 266 67

120 402 218 458 usque
233 391 251 440 a
267 383 358 442 rubro
374 391 450 440 mari
461 401 548 466 arma
563 389 692 440 canatus
712 383 751 440 sit
770 383 880 440 inferre
897 383 1014 442 ltaliae.

86 497 103 546 2
121 486 171 544 Ad
190 505 279 561 quem
300 505 369 543 cum
389 486 481 562 legati
497 485 654 544 venissent
671 488 812 557 Romani,
830 495 881 560 qui
896 486 934 544 ἀὲ
950 486 1015 545 eius

120 589 278 647 voluntate
309 589 502 664 explorarent
528 589 699 665 darentque
724 607 849 664 operam
878 589 1015 648 consiliis

120 692 329 764 clandestinis
357 702 390 750 ut
418 692 628 750 Hannibalem
658 692 689 749 in
719 692 926 768 suspicionem
952 700 1015 770 regi
1056 683 1059 690 ’

108 797 316 867 adducerent,
334 806 490 872 tamquam
507 796 545 854 ab
562 795 637 871 ipsis
655 805 832 871 corruptum
848 796 908 854 alia
923 806 1014 871 atque
1051 812 1064 864 5

121 908 211 957 antea
226 909 348 970 sentire,
363 918 462 976 neque
479 899 511 957 id
526 900 639 957 frastra
654 899 810 971 fecissent,
825 899 917 976 idque
931 901 1014 958 Han-

121 1003 204 1061 nibal
233 1002 434 1079 comperisset
464 1009 558 1078 seque
588 1003 626 1061 ab
656 1002 852 1062 interiaribus
878 1003 1014 1062 consiliis

120 1112 273 1181 segregari
298 1104 436 1176 vidisset,
463 1114 601 1181 ternpore
628 1105 701 1164 data
728 1104 803 1163 adiit
832 1105 872 1162 ad
901 1112 1012 1182 regem,

86 1211 102 1261 3
120 1217 209 1284 eique
232 1227 301 1265 curn
323 1209 420 1266 multa
441 1209 479 1267 ἀὲ
502 1209 562 1266 fide
585 1217 641 1266 sua
663 1218 694 1267 et
716 1208 788 1267 odia
806 1207 836 1265 in
856 1211 1014 1268 Romanas

119 1321 396 1384 commemorasset,
420 1312 480 1371 hac
503 1311 654 1370 adiunxit:
696 1313 953 1383 “Pater‘meusss'
971 1312 1013 1370 in·
1035 1337 1063 1371 10

103 1416 193 1491 ‘quit‚
213 1423 230 1448 ‘⁴
242 1415 407 1488 Hamilcar,
433 1416 561 1491 puerulo
587 1423 643 1487 me,
669 1425 775 1492 utpote
798 1423 860 1474 non
884 1416 1013 1492 amplius

119 1538 229 1577 novem
256 1527 353 1577 annos
380 1527 461 1591 nato,
489 1519 520 1576 in
548 1519 733 1595 Hispaniam
760 1519 924 1596 imperator
949 1539 1014 1596 pro-

118 1623 259 1681 ficiscens
283 1622 485 1699 Karthagine,
511 1625 578 1680 Iovi
600 1622 717 1698 optimo
741 1623 873 1682 maximo
896 1623 1013 1682 hostias

85 1729 102 1777 4
119 1726 295 1785 immolavit.
326 1727 414 1799 Quae
425 1727 529 1784 divina
540 1733 589 1785 res
601 1727 674 1785 dum
684 1727 911 1800 conficiebatur,
923 1747 1013 1804 quae·

118 1830 190 1888 sivit
207 1839 225 1889 a
243 1837 291 1888 me
310 1830 459 1888 vellemne
479 1837 582 1888 secum
601 1830 632 1888 in
651 1840 752 1889 castra
768 1831 930 1908 proficisci.
956 1830 1013 1890 'id
1034 1860 1063 1912 ις
1111 1885 1113 1889 ,

118 1953 187 1992 cum
203 1935 335 1994 libenter
350 1935 539 2012 accepissem
558 1946 650 2011 atque
666 1936 704 1994 ab
720 1943 757 1994 eo
772 1945 876 2013 petere
898 1935 1013 2013 coepis-

118 2057 182 2096 sem
198 2046 236 2097 ne
252 2039 407 2099 dubitaret
423 2039 543 2111 ducere,
558 2049 622 2097 turn
638 2039 697 2110 ille,
711 2039 888 2111 “Faciam-’⁵
903 2039 1010 2114 inquit,

119 2149 169 2201 “si
185 2142 259 2200 mihi
274 2143 375 2214 fidem,
393 2162 484 2218 quarn
505 2143 636 2218 postulo,
654 2142 806 2201 dederis.”
852 2143 947 2201 Simul
963 2150 1011 2201 me

118 2247 156 2304 ad
175 2254 259 2305 aram
278 2246 403 2305 adduxit
429 2248 511 2322 apud
530 2265 621 2322 quam
640 2246 811 2330 sacrificare
830 2246 1010 2318 instituerat,

117 2367 246 2424 eamque
263 2357 371 2408 ceteris
387 2357 512 2409 rematis
529 2359 684 2408 tenentem
704 2349 802 2408 iurare
821 2349 909 2408 iussit
927 2347 1011 2408 nuni-
1031 2379 1062 2413 20

35 2477 38 2482 ·
83 2451 279 2527 5quamme
302 2453 332 2511 in
356 2453 489 2511 amicitia
512 2472 581 2510 cum
602 2447 752 2513 Ramanis
773 2454 848 2512 fore.
894 2451 931 2518 id
954 2473 1011 2530 ego

117 2555 325 2615 iusiurandum
350 2566 428 2633 patri
452 2558 558 2615 datum
584 2557 748 2633 usquead
774 2558 854 2615 hanc
878 2567 1014 2638 aetatem

117 2658 159 2717 ita
181 2667 361 2718 conservavi
383 2670 416 2718 ut
434 2660 549 2718 nemini
568 2661 695 2719 dubium
714 2680 782 2719 esse
801 2661 914 2720 debeat
936 2671 1009 2736 quin

81 2767 98 2817 6
116 2763 234 2838 reliquo
253 2773 390 2839 tempore
409 2766 517 2823 eadem
536 2775 637 2824 mente
657 2765 714 2823 sim
733 2766 880 2823 futurus.=
908 2765 1010 2838 Quare

116 2866 141 2924 si
158 2867 231 2942 quid
247 2875 343 2926 amica
359 2859 397 2926 ἀὲ
415 2870 565 2926 Romanis
581 2869 740 2946 cagitabi5‚
758 2875 820 2926 non
839 2868 1010 2944 impruden·
1030 2894 1060 2946 ²5

115 2978 161 3028 ter
176 2971 294 3042 feceris
313 2980 339 3028 si
355 2978 403 3029 ma
419 2971 546 3042 celaris3
569 2991 638 3030 cum
654 2972 778 3047 quidem
794 2971 908 3030 bellurn
926 2981 1010 3047 para·

156 3122 171 3171 8
195 3124 340 3190 segregari,
359 3124 549 3191 mcliida—10
567 3126 811 3189 commemorasset,
830 3130 1011 3172 narrasset.-

118 3205 146 3254 18
164 3205 255 3271 fidem,
269 3207 463 3254 iasia'randum.
472 3235 506 3242 -
515 3219 544 3269 19
562 3207 729 3272 instituerat,
742 3214 859 3269 coeperat.
868 3235 901 3242 —
909 3219 944 3270 23
957 3209 1017 3256 mam

114 3289 307 3354 imprsidenter,
320 3291 452 3352 sapienter.
