2294 3638
352 257 354 262 ,
432 187 638 235 HANNIBAL.
674 187 697 245 8,
710 201 733 251 9.
999 188 1029 240 73

132 355 261 414 servulis
287 355 384 432 ipsius
411 355 605 414 interfectum
632 375 701 414 eum
728 365 877 433 scripturn
903 357 1029 434 relique·

97 469 210 519 3runt.
256 458 429 518 Antiochus
456 468 566 530 autem,
585 468 611 516 si
637 469 698 517 tam
729 459 759 517 in
781 461 918 537 gerende
947 460 1029 520 bello

51 602 53 606 ι
131 561 269 644 censiliis
288 562 354 620 eius
371 569 476 638 parere
496 561 644 621 voluisset
665 582 756 639 quam
775 563 805 621 in
830 563 1029 640 suscipiendo

132 665 314 737 instituerat,
342 665 468 742 propius
494 665 599 724 Tiberi
630 684 720 742 quam
748 667 964 745 Thermopylis
990 667 1028 725 de

131 777 250 827 summai
266 769 373 845 imperi
392 769 579 827 dimicesset.
625 769 726 842 Quem
745 778 804 828 etsi
822 770 917 828 multa
936 770 1028 828 stulte
1065 785 1077 838 5

96 881 114 928 4
132 879 237 931 ceneri
256 872 389 943 videbat,
409 882 512 930 tamen
537 872 621 931 milla
643 873 779 932 deseruit
801 873 831 930 in
855 880 895 932 re.
942 874 1028 932 Prae·

131 974 190 1032 fuit
213 983 319 1050 paucis
344 974 484 1045 navibus,
509 983 585 1050 ques
609 993 646 1032 ex
672 975 758 1054 Syria
782 975 883 1034 irissus
907 985 973 1034 erat
996 975 1026 1033 in
1092 1014 1095 1022 .

132 1077 239 1136 Asiam
257 1079 377 1149 ducere,
399 1077 497 1154 iisque
516 1079 664 1137 adversus
684 1079 876 1138 Rhodiorum
896 1079 1027 1138 classem

131 1181 163 1238 in
181 1181 361 1259 Pamphylio
376 1190 452 1239 mari
467 1181 612 1241 conflixit.
658 1183 814 1255 Quocum
832 1182 1027 1241 multitudine

132 1284 374 1344 adverserierum
391 1293 438 1343 sui
454 1293 678 1361 superarentur,
692 1285 767 1363 ipse,
781 1293 842 1362 quo
854 1296 949 1346 cornu
964 1305 1026 1362 rem
1048 1310 1078 1344 ro

130 1388 236 1465 gessit,
252 1388 310 1446 fuit
326 1378 472 1464 superior.

94 1503 118 1564 9
174 1491 330 1550 Antiocho
347 1492 462 1568 lugete,
479 1499 589 1551 verens
608 1500 647 1551 ne
665 1493 837 1565 dederetur,
848 1493 942 1570 ¹quod
960 1493 1026 1552 sine

131 1594 227 1654 dubie
246 1594 418 1666 accidisset,
436 1603 462 1652 si
481 1604 528 1653 sui
545 1595 673 1654 fecisset
691 1605 886 1673 potestatem,
903 1599 1026 1656 Cretam

132 1699 171 1757 ad
194 1698 361 1776 Gortynios
384 1698 533 1770 venit,'ut
555 1698 606 1770 ibi,
631 1707 693 1776 qud
715 1707 748 1758 se
771 1701 933 1772 conferret,
957 1707 1027 1760 cen-

96 1802 289 1867 2sidereret.
345 1801 433 1859 Vidit
456 1811 558 1860 autem
582 1802 627 1860 vir
650 1803 786 1861 omnium
810 1803 1027 1862 callidissimus
1048 1825 1076 1877 15

131 1905 162 1963 in
189 1911 301 1982 magno
325 1911 359 1963 se
383 1906 449 1963 iore
474 1906 619 1981 periculi),
645 1906 704 1965 nisi
731 1906 805 1983 quid
831 1907 1025 1983 providisset,

131 2017 255 2085 propter
267 2007 424 2067 averitiam
438 2008 645 2083 Cretensium:
666 2018 809 2086 megnam
825 2009 906 2068 enim
922 2017 1026 2069 secum

131 2119 292 2195 pecimiam
317 2121 468 2197 portabat,
493 2120 532 2178 de
555 2127 616 2195 que
638 2118 756 2176 sciebat
779 2126 878 2177 exisse
902 2117 1025 2175 fernam.

96 2225 242 2300 3ltaque
264 2224 346 2300 capit
369 2226 430 2283 tale
451 2225 621 2284 consilium.
666 2223 839 2299 Amphorais
855 2220 1027 2297 complures

131 2328 266 2404 complet
292 2329 427 2405 plumbo,
453 2337 588 2386 summes
614 2326 713 2404 operit
737 2334 811 2386 aure
835 2336 866 2384 et
888 2331 1024 2402 argente.
1046 2341 1077 2377 20

133 2431 201 2490 Hes
217 2431 430 2507 praesentibus
447 2430 637 2507 principibus
653 2429 781 2506 depenit
797 2429 828 2486 in
843 2428 959 2504 temple
976 2427 1026 2485 Di-

130 2541 217 2605 enae,
231 2534 378 2593 simulems
395 2542 428 2593 se
439 2543 510 2593 sues
522 2536 660 2593 fortunis
673 2533 792 2593 illorum
804 2532 877 2591 fidei
892 2530 1025 2590 credere.

133 2638 192 2695 His
208 2637 238 2695 in
255 2645 387 2696 errerem
403 2638 545 2709 inductis,
563 2645 681 2696 statues
697 2643 818 2706 aeneis
833 2643 909 2710 ques
922 2641 1026 2692 secum

130 2742 281 2816 portabat,
298 2750 453 2800 omnisne
471 2740 601 2817 pecunia
620 2741 753 2817 complet
774 2747 888 2814 easque
910 2737 941 2795 in
962 2744 1027 2813 pro-

96 2843 236 2919 4patule
252 2845 335 2903 domi
352 2844 453 2903 abicit.
499 2843 640 2922 Gortynii
655 2843 801 2919 templum
824 2849 935 2918 megne
956 2849 1027 2899 cirre
1047 2854 1077 2907 25
1105 2905 1119 2925 *-

131 2948 316 3020 cristediunt,
334 2956 395 3007 non
420 2957 482 3006 tam
502 2956 520 3007 a
541 2955 651 3006 ceteris
672 2965 764 3022 quam
783 2946 821 3004 ab
840 2943 1026 3014 Hannibale,

131 3057 169 3108 ne
185 3050 235 3109 ille
252 3051 456 3110 inscientibus
473 3051 509 3108 iis
526 3050 646 3109 tolleret
662 3057 826 3124 secumque
842 3049 976 3129 duceret.

164 3183 180 3231 6
214 3183 342 3248 deseruit,
373 3185 530 3247 reliquia-
545 3199 573 3244 14
603 3184 792 3246 censiderairet,
828 3181 1028 3230 deliberaret.-

133 3279 163 3328 19
181 3266 264 3331 capit,
284 3268 430 3315 iniit-20
448 3267 546 3330 operit,
565 3266 711 3328 teme—26
723 3265 844 3328 tolleret,
860 3264 989 3326 auferret.
