2294 3638
106 184 122 234 8
230 152 233 156 ⁸
402 184 617 233 nrrnriaoas.
653 198 676 246 7,
687 183 711 233 8.

107 364 162 412 rat.
189 355 297 429 Itaque
313 372 383 412 cum
399 352 465 429 ipse
477 361 578 429 prose
590 353 692 411 dicere
704 359 766 411 non
779 362 895 428 posset,
908 353 1003 412 verba

73 466 91 516 6
107 456 181 515 iecit
196 457 291 515 frater
306 456 372 515 eius
390 457 579 533 Stesagoras.
625 457 728 515 Causa
749 455 873 532 cognita
890 455 1002 532 capitis

108 559 267 618 absolutus
289 558 421 635 pecunia
442 560 589 618 multatus
611 569 668 631 est,
684 577 782 635 eaque
800 558 837 617 lis
855 567 1003 635 quinqua·

106 662 194 740 ginta
222 663 348 722 talentis
378 662 541 722 aestimata
570 672 626 734 est,
652 671 785 738 quantus
814 660 846 719 in
871 661 1002 732 classem

108 775 247 842 sumptus
262 767 364 825 factus
379 775 453 824 erat.
500 768 593 825 Hanc
607 765 769 843 pecuniam
785 765 868 841 quod
883 764 1002 824 solvere
1037 782 1049 833 5

108 869 138 927 in
162 869 338 945 praesentia
361 876 424 928 non
446 879 575 946 poterat,
592 869 624 927 in
646 868 768 927 vincula
788 866 912 944 publica
933 886 1002 927 con-

108 973 205 1031 iectus
221 983 268 1031 est
284 973 387 1049 ibique
404 972 486 1030 diem
501 972 578 1031 obiit
592 979 776 1049 supremum.

71 1072 95 1133 8
151 1077 213 1134 Hic
235 1085 294 1134 etsi
316 1074 441 1134 crimine
466 1076 557 1136 Pario
572 1085 620 1134 est
635 1083 806 1146 accusatus,
822 1083 925 1132 tamen
943 1073 1002 1132 alia

108 1198 202 1237 causa
216 1178 274 1238 fuit
290 1179 507 1238 damnationis.
534 1181 676 1254 Namque
693 1176 899 1236 Athenienses
914 1195 1001 1254 prop

108 1292 154 1341 ter
181 1282 333 1341 Pisistrati
359 1283 560 1358 tyrannidem,
579 1301 657 1358 quae
679 1289 786 1358 paucis
812 1289 901 1339 annis
930 1289 1050 1340 antero

107 1386 216 1458 fuerat,
240 1386 377 1444 omnium
403 1385 513 1444 civium
540 1393 663 1444 suorum
687 1383 857 1460 potentiam
880 1383 1003 1443 extimo
1047 1454 1051 1461 .

74 1489 245 1548 2scebant.
292 1489 459 1560 Miltiades
477 1488 605 1546 multum
621 1488 651 1546 in
667 1487 802 1564 imperiis
822 1486 1002 1564 magistrati-

108 1593 227 1668 busque
244 1601 392 1662 versatus,
410 1599 471 1650 non
488 1592 649 1650 videbatur
663 1609 756 1668 posse
771 1609 840 1650 esse
855 1598 1001 1667 privatus,

108 1695 287 1771 praesertim
300 1713 368 1753 cum
385 1694 610 1754 consuetudine
626 1695 664 1752 ad
680 1694 787 1770 imperi
802 1693 1002 1770 cupiditatem

74 1799 188 1857 3trahi
203 1797 363 1858 videretur.
410 1801 489 1857 Nam
511 1800 698 1860 Chersonesi
717 1807 825 1860 omnes
840 1799 910 1858 illos
925 1805 1003 1875 quos
1023 1821 1050 1873 15
1083 1780 1087 1787 ⁶

108 1901 263 1960 habitarat
275 1910 373 1961 annos
384 1913 564 1979 perpetuam
576 1904 752 1963 obtinuerat
762 1901 1003 1962 dominationem

109 2013 318 2082 tyrannusque
333 2006 433 2064 fuerat
449 2006 630 2083 appellatus
644 2007 699 2066 sed
716 2007 822 2066 iustus.
850 2007 879 2064 N
882 2013 922 2065 on
939 2013 1004 2063 erat

109 2107 191 2165 enim
210 2117 239 2165 vi
255 2116 449 2180 consecutus,
467 2110 522 2168 sed
545 2118 669 2169 suorum
691 2110 858 2181 voluntate,
875 2126 1003 2185 eamque

109 2219 295 2286 potestatem
324 2212 463 2270 bonitate
493 2212 654 2273 retinebat.
700 2213 816 2272 Omnes
846 2221 948 2271 autern
974 2220 1005 2270 et

110 2314 253 2373 dicuntur
278 2324 309 2373 et
334 2315 488 2373 habentur
517 2325 639 2394 tyranni
669 2325 720 2392 qui
749 2324 903 2392 potestate
932 2323 1005 2373 sunt
1022 2336 1052 2372 20

75 2421 92 2468 4
109 2426 258 2492 perpetua
274 2417 304 2474 in
321 2426 358 2476 ea
374 2418 498 2477 civitate
515 2438 593 2494 quae
610 2419 752 2478 libertate
768 2429 824 2478 usa
839 2427 894 2477 est.
943 2416 1005 2476 Sed

110 2518 141 2575 in
158 2519 300 2578 Miltiade
323 2530 388 2579 erat
410 2539 479 2578 cum
502 2540 621 2581 summa
642 2522 828 2593 humanitas
845 2532 909 2581 turn
929 2529 1005 2579 mira

110 2623 322 2696 communitas,
340 2633 373 2682 ut
391 2631 482 2683 nemo
500 2633 563 2682 tam
580 2624 704 2684 humilis
720 2635 803 2684 esset
820 2624 869 2683 cui
887 2632 949 2685 non
966 2623 1006 2682 ad

110 2743 179 2783 eurn
195 2726 297 2798 aditus
312 2733 452 2802 pateret3
475 2735 587 2804 magna
610 2727 777 2787 auctoritas
799 2728 883 2804 apud
898 2734 1006 2787 omnes

110 2828 259 2901 civitates
279 2829 383 2888 nobile
406 2836 528 2901 nornen,
548 2830 615 2889 laus
637 2840 680 2889 rei
703 2830 842 2890 militaris
864 2829 1005 2889 maxima.
1025 2850 1056 2904 ²5

113 2933 201 2991 Haec
230 2933 362 3009 populus
397 2931 566 3008 respiciens
600 2933 706 2993 maluit
735 2932 818 2991 illurn
848 2932 1007 2992 innoxium

111 3033 204 3108 plecti
220 3055 311 3110 quam
327 3042 361 3094 se
377 3034 491 3092 diutius
507 3054 577 3094 esse
593 3036 624 3093 in
640 3036 756 3096 timore.

156 3197 164 3230 r
180 3186 261 3234 verba
273 3182 348 3248 iecit,
362 3185 452 3231 oravit.
461 3211 493 3219 -
506 3198 533 3231 12
547 3186 673 3250 multum,
687 3193 763 3247 saepe.
771 3213 805 3220 —
816 3185 845 3234 16
857 3186 1007 3252 habitirab

111 3271 257 3318 incoluerat.
266 3299 298 3306 —
310 3284 336 3330 17
351 3271 410 3319 erat
428 3272 596 3335 consecutus,
609 3279 665 3319 erut
675 3273 786 3333 adeptus.
797 3299 829 3307 —
842 3284 871 3333 19
888 3274 1010 3336 potesti-

116 3353 118 3356 ’
139 3365 169 3414 ¹11,
184 3354 332 3413 tmuium.
343 3382 376 3389 -
386 3366 419 3401 20
431 3353 568 3420 dicuntur,
583 3356 761 3402 rrdrreirrantur.
