2294 3638
157 212 190 264 48
418 215 700 266 EPAMINONDAS.
735 217 758 275 6,
771 230 793 278 7.

157 391 268 459 pugne.
315 384 394 441 Tum
410 384 492 442 enim
507 385 644 460 perfecit,
662 385 746 460 quod
764 395 835 461 post
854 386 1004 462 apperuit,
1022 395 1055 444 ut

158 486 270 545 auxilie
287 487 526 548 Lacedaemonii
543 488 695 546 sociorum
711 497 909 564 privarentur.

122 592 143 651 7
200 589 308 648 Fuisse
338 589 506 665 patientem
537 598 722 666 suorumque
752 591 877 650 iniuriis
903 593 1053 651 ferentem

156 691 277 765 civium,
301 693 385 769 quod
408 700 440 752 se
464 693 580 769 patriae
603 703 694 752 uesci
717 695 805 753 netes
825 713 895 754 esse
918 696 1052 768 deceret,

156 796 234 854 haec
251 806 323 854 sunt
343 795 529 856 testimonia.
569 798 653 856 'Cum
675 816 745 856 eum
766 807 892 874 propter
907 799 1054 858 invidiam
1089 814 1100 864 5

156 905 239 957 cives
269 908 316 957 sui
345 900 510 975 praeficere
539 900 685 959 exercitui
722 901 894 960 noluissent
930 903 1054 979 duxque

156 1013 240 1061 esset
255 1003 393 1062 delectus
415 1004 488 1062 belli
510 1003 677 1080 imperitus,
695 1004 781 1063 cuius
802 1013 902 1064 errore
918 1013 956 1065 ee
972 1017 1054 1065 esset

156 1113 290 1172 deducta
313 1113 364 1171 illa
387 1113 550 1173 multitude
572 1114 700 1172 militum
717 1124 750 1172 ut
768 1122 875 1174 omnes
897 1115 935 1174 de
956 1118 1053 1176 salute

144 1216 415 1293 pertimescerent,
443 1217 527 1292 quod
554 1217 689 1276 locerum
719 1208 870 1295 angustiis
896 1219 993 1279 clausi
1015 1222 1053 1279 ab

155 1321 298 1380 hostibus
321 1321 551 1394 obsidebantur,
577 1321 745 1379 desiderari
767 1331 878 1398 coepta
903 1332 952 1382 est
979 1325 1100 1400 Epa-10

156 1425 321 1483 minondae
337 1424 513 1502 diligentia:
537 1424 698 1483 eratenim
715 1424 758 1483 ibi
776 1433 911 1501 privetus
928 1435 1053 1498 numero

121 1535 139 1584 2
155 1528 269 1587 militis.
304 1521 406 1604 liquo
423 1547 491 1586 cum
509 1536 650 1603 peterent
665 1546 764 1604 opem,
782 1527 896 1586 nullam
913 1529 1054 1588 adhibuit

155 1631 334 1691 memoriam
350 1631 554 1691 contumeliae
571 1640 601 1689 et
617 1629 784 1688 exercitum
799 1630 962 1690 obsidione
982 1634 1054 1691 libe-

122 1741 255 1795 3ratum
279 1735 403 1794 domurn
432 1733 552 1793 reduxit
575 1733 767 1792 incolumem.
801 1733 880 1792 'Nec
902 1741 975 1794 vere
995 1736 1054 1795 hec

155 1839 249 1897 semel
261 1838 342 1907 fecit,
355 1839 410 1897 sed
420 1837 551 1914 saepius.
588 1836 722 1894 Maxime
735 1846 837 1894 autem
846 1836 905 1896 fuit
916 1837 1051 1911 inlustre,
1074 1855 1099 1905 15

155 1961 224 1999 cum
247 1942 277 1998 in
301 1942 548 2017 Peloponnesum
571 1939 737 1998 exercitum
752 1939 891 2018 duxisset
906 1941 1053 2001 adversus

156 2044 419 2103 Lacedaemonios
441 2044 630 2119 haberetque
653 2043 797 2119 conleges
820 2042 907 2116 dues,
925 2052 1053 2120 querum

155 2148 232 2206 alter
247 2157 312 2206 erat
329 2147 502 2223 Pelopidam,
520 2146 564 2204 vir
579 2145 668 2204 fortis
683 2154 720 2203 ec
736 2152 887 2204 strenuus.
926 2149 969 2207 Hi
985 2167 1052 2206 cum

155 2250 333 2309 criminibus
356 2249 599 2308 adversariorum
618 2255 725 2307 omnes
744 2248 775 2306 in
794 2248 942 2307 invidiam
957 2251 1053 2310 venis·

155 2363 224 2413 sent
239 2354 279 2412 ob
296 2372 425 2428 eamque
447 2371 511 2410 rem
531 2352 691 2428 imperium
714 2351 750 2410 iis
773 2361 857 2410 esset
873 2353 1052 2430 abrogatum
1071 2370 1098 2404 20

155 2467 247 2532 atque
268 2457 299 2514 in
322 2464 427 2515 ebrum
449 2455 550 2514 locum
572 2455 623 2512 alii
645 2461 802 2530 praetores
818 2455 1051 2528 successissent,

120 2563 137 2611 4
157 2560 386 2636 Epaminondas
409 2559 514 2635 populi
539 2566 617 2617 scite
642 2565 703 2617 nen
731 2557 831 2633 peruit
854 2558 998 2636 idemque
1020 2569 1053 2619 ut

154 2664 292 2721 facerent
314 2662 467 2739 persuesit
490 2662 627 2738 conlegis
650 2671 680 2720 et
702 2661 816 2719 bellum
843 2662 928 2737 quod
954 2671 1053 2722 susce

154 2776 250 2842 perat,
284 2766 389 2842 gessit.
444 2767 584 2840 Namque
622 2763 894 2836 animadvertebat,
925 2764 985 2825 nisi
1022 2766 1052 2824 id

154 2869 289 2941 fecisset,
320 2877 419 2928 tetum
449 2867 617 2948 exercitum
648 2876 772 2942 propter
798 2874 973 2942 praetorum
1003 2869 1052 2926 im·
1071 2883 1098 2934 25

121 2986 136 3033 5
155 2973 348 3048 prudentiam
365 2971 579 3045 inscitiamque
594 2971 667 3028 belli
688 2970 864 3045 periturum.
909 2972 975 3030 Lex
989 2981 1053 3031 erat

155 3076 272 3133 Thebis
305 3095 383 3151 quae
420 3084 516 3131 morte
548 3073 706 3144 multebat,
739 3082 764 3130 si
794 3073 863 3149 quis
893 3072 1053 3151 imperium

200 3223 225 3255 11
241 3192 358 3272 numerd,
373 3210 430 3254 luce.
439 3235 472 3241 -
483 3220 510 3252 12
529 3218 617 3269 opem,
631 3207 769 3253 auxilium.
778 3233 811 3241 -
821 3219 850 3269 13
862 3207 1051 3272 contumeliae,

151 3293 342 3349 anisam—14
362 3291 532 3352 incolumem,
546 3291 653 3336 salvum.
