2294 3638
411 218 631 268 AGESILAUS.
667 233 689 275 2,
702 233 724 282 3.
987 216 1019 266 59

110 387 196 464 quod
216 385 254 444 iis
272 386 394 444 studere
411 393 615 444 cdnsuessent
631 393 709 461 quus
726 392 909 443 conservare
927 385 1018 443 fidem

110 492 261 551 viderent.

49 674 51 678 Ι
153 598 325 676 Postquam
357 593 543 651 indutiarum
573 592 729 668 praeteriit
762 593 837 665 dies
870 596 1019 654 barbarus

111 707 173 759 nun
193 697 349 770 dubitans,
371 697 454 772 quod
477 696 575 772 ipsius
599 706 686 753 erant
711 697 840 772 plurima
865 699 1020 758 domicilia

111 804 142 860 in
159 803 250 862 Caria
267 811 298 860 et
313 820 350 858 ea
366 800 450 877 regin
467 800 504 858 iis
520 801 711 876 temporibus
735 803 832 861 multu
854 804 1021 879 putabatur
1057 819 1069 869 5

111 905 363 982 locupletissima,
383 911 421 963 ed
443 904 638 980 potissimum
662 905 768 963 hostes
793 906 939 982 impetum
960 908 1020 964 iac-

76 1018 203 1082 murus,
243 1016 352 1068 omnes
390 1018 462 1067 suas
500 1009 604 1084 eripias
643 1017 680 1068 ef)
718 1019 919 1068 contraxerat.
979 1014 1020 1068 At

112 1113 276 1190 Agesilaus
300 1113 332 1170 in
356 1112 520 1189 Phrygiam
543 1120 575 1170 se
602 1113 753 1171 convertit
780 1132 909 1188 eamque
936 1114 1019 1189 prius

111 1215 318 1292 depopulatus
348 1226 397 1275 est
434 1235 526 1291 quam
558 1217 785 1291 Tissaphernes
824 1236 954 1292 usquam
988 1226 1020 1275 se

111 1327 256 1378 moveret.
326 1322 442 1396 Magna
485 1320 599 1396 praeda
639 1320 786 1378 militibus
826 1319 1020 1395 locupletatis
1043 1345 1070 1377 10

112 1424 270 1498 Ephesum
302 1423 470 1482 hiematum
504 1423 671 1482 exereitum
704 1424 824 1481 reduxit
856 1433 948 1499 atque
979 1424 1020 1481 ibi

112 1527 242 1584 officinis
260 1534 413 1585 armerum
431 1526 579 1584 institutis
597 1534 710 1602 magna
735 1527 886 1585 industria
906 1528 1019 1585 bellum

112 1629 281 1706 apparavit.
329 1632 368 1688 Et
394 1637 456 1706 qud
485 1629 653 1688 studiosius
683 1639 874 1688 armarentur
898 1631 1020 1706 insigni-

111 1752 210 1809 usque
234 1740 424 1804 ‹irnarentur‚
446 1732 582 1809 praemia
605 1733 776 1809 preposuit,
795 1734 907 1808 quibus
928 1735 1019 1792 dena-

111 1846 217 1895 rentur
246 1843 376 1912 quntum
406 1836 528 1912 egregia
552 1836 583 1892 in
606 1845 642 1894 ea
667 1844 699 1893 re
722 1837 832 1894 fuisset
858 1836 1018 1895 industria.
1041 1861 1069 1909 15

77 1939 199 2019 3UFecit
229 1939 312 1997 idern
343 1939 375 1998 in
408 1939 661 1998 exercitatidnum
693 1939 867 2014 generibus,
899 1950 940 2011 ut,
968 1951 1019 2015 qui

112 2050 224 2101 ceteris
245 2043 484 2118 praestitissent,
503 2051 557 2102 ens
580 2053 700 2119 magnis
723 2043 869 2100 adficeret
892 2044 1019 2101 muneri-

111 2147 179 2205 bus,
228 2148 288 2204 His
312 2146 403 2224 igitur
428 2147 518 2205 rebus
542 2146 644 2205 effecit
672 2157 705 2204 ut
732 2155 763 2204 et
791 2147 1019 2205 Ornatissimum

78 2258 95 2306 4
111 2259 143 2308 et
159 2249 460 2338 exercitatissimum·
475 2250 602 2308 haberet
627 2250 802 2307 exercitum.
851 2250 934 2308 Huic
950 2270 1019 2308 eum

112 2363 236 2429 tempus
260 2362 343 2412 esset
366 2361 477 2411 visum
494 2353 600 2428 ccipias
629 2354 789 2411 extrahere
817 2373 853 2412 ex
880 2354 1019 2411 hiberna·
1040 2376 1070 2408 20

113 2457 199 2529 culis,
218 2456 303 2526 vidit,
325 2465 360 2529 si,
387 2464 449 2532 qud
473 2466 556 2515 esset
579 2457 636 2533 iter
658 2458 805 2528 facturus,
831 2457 932 2533 palam
955 2465 1020 2532 prd-

113 2560 297 2632 nuntiasset,
315 2562 423 2619 hostes
445 2568 506 2619 nnn
529 2561 697 2619 crediturus
721 2560 857 2636 aliasque
880 2560 1019 2636 regiones

80 2774 96 2821 5
113 2767 267 2825 facturum
290 2776 327 2826 ac
347 2768 586 2844 prenuntiasset.
634 2771 741 2845 Itaque
760 2788 828 2826 cum
848 2768 897 2825 ille
916 2769 1019 2825 Sardis

115 2871 226 2929 iturum
258 2877 291 2929 se
319 2871 456 2944 dixisset,
486 2872 711 2948 Tissaphernes
738 2873 868 2930 eandem
896 2871 1017 2929 Cariam
1040 2891 1069 2940 25

115 2974 348 3033 defendendam
377 2974 505 3050 putavit.
553 2978 588 3033 In
620 2983 681 3051 qur')
712 2994 780 3033 cum
813 2995 881 3032 eum
899 2973 1019 3058 ’opinis

162 3141 171 3174 1
194 3129 310 3192 studere,
322 3128 485 3192 savera-3
504 3128 571 3191 dies,
591 3135 694 3188 tempus.
706 3141 755 3188 -7
776 3127 953 3188 contraxerat,
964 3143 1017 3172 con-

118 3212 219 3272 ligerat.
228 3237 258 3246 -
268 3224 284 3272 9
300 3212 480 3274 depopulitus
492 3212 543 3273 est,
557 3213 674 3257 vristcivit.
684 3239 717 3245 -
727 3224 755 3256 12
771 3209 914 3271 industrii,
928 3210 1015 3255 studii.

118 3323 152 3329 -
161 3307 192 3340 20
210 3294 358 3356 extrahere,
372 3293 480 3341 educere.
