2294 3638
106 226 139 275 24
399 228 620 278 PAL'SAXIAS.
655 244 679 290 4,
692 244 714 295 5.

107 395 181 453 lium
210 396 386 473 cenlirgisse
416 397 448 454 in
481 405 576 468 eram,
605 398 803 474 perturbatus
838 400 925 459 venit
959 374 1027 460 ee..

107 499 208 572 Quem
224 518 293 561 cum
309 499 479 575 supplicem
501 500 552 558 dei
567 499 684 559 videret
705 500 737 559 in
759 509 813 561 ere
835 503 1004 576 sedentem,

108 602 228 678 quaerit
247 621 360 660 causae
372 603 448 678 quid
463 603 503 662 sit
518 614 580 662 tam
596 612 748 680 repentini
762 605 899 665 censili.‘
924 607 1005 666 Huic

73 705 167 777 6ille,
198 706 273 782 quid
302 725 340 764 ex
368 706 478 765 litteris
507 706 719 782 comperisset,
748 710 857 784 aperit.
908 711 1004 770 Modo

107 808 204 885 magis
222 809 391 868 Pausanias
406 810 604 884 perturbatus
619 817 708 869 erere
725 812 830 888 coepit
852 820 892 872 ne
914 821 1004 872 enirn·
1038 827 1047 877 ε

107 911 197 970 tieret
224 931 281 970 nec
311 919 345 970 se
374 912 515 971 meritum
545 913 584 972 de
613 912 667 972 ille
695 914 810 990 optime
839 916 1003 992 prederet:

107 1015 190 1091 quod
206 1024 232 1073 si
247 1034 314 1073 eam
330 1015 450 1074 veniam
467 1015 526 1074 sibi
541 1016 680 1075 dedisset
694 1025 851 1094 tantisque
871 1019 1004 1096 implice-

107 1129 171 1177 tum
187 1119 278 1177 rebus
296 1119 499 1191 sublevasset,
516 1127 629 1197 migne
651 1129 680 1179 ei
702 1121 839 1197 praemis>
859 1122 1001 1182 futirrum.

68 1219 99 1294 5Ι
152 1223 212 1280 His
228 1223 319 1280 rebus
335 1221 441 1298 ephori
460 1223 592 1299 cegnitis
607 1223 705 1282 satius
719 1233 868 1300 poterunt
883 1225 914 1283 in
931 1227 1004 1285 urbe

106 1344 176 1383 eum
206 1325 434 1400 comprehendi.
480 1326 551 1399 Que
580 1345 650 1384 cum
678 1336 786 1385 essent
814 1328 946 1407 profecti
974 1340 1004 1388 et
1024 1350 1048 1385 rc

108 1428 278 1487 Pausanias
300 1429 424 1504 placete
440 1429 566 1506 Argilie,
584 1440 616 1487 ut
638 1430 777 1505 putebat,
799 1431 1004 1491 Lacedaemo

106 1551 176 1590 nem
192 1539 402 1603 reverteretur,
419 1531 449 1589 in
466 1531 584 1605 itinere,
601 1551 670 1590 cum
686 1532 794 1591 iamin
809 1541 848 1594 ee
868 1545 952 1595 esset
973 1545 1004 1595 ut

107 1636 426 1711 comprehenderetur,
449 1654 486 1693 ex
511 1636 596 1694 voltir
623 1635 782 1694 ciriusdam
808 1638 925 1713 ephori,
953 1648 1005 1714 qui

107 1759 176 1798 eum
192 1740 351 1798 admoneri
367 1738 520 1814 cupiebat,
538 1738 667 1797 insidies
683 1739 743 1798 sibi
758 1739 825 1798 lieri
843 1740 1002 1802 intellexit.

72 1848 89 1898 2
109 1846 217 1919 Itaque
233 1851 340 1919 paucis
365 1853 436 1901 ante
459 1841 607 1919 gradibus
624 1861 715 1918 quam
735 1851 788 1919 qui
807 1861 878 1902 eum
899 1853 1004 1920 seque·
1024 1869 1048 1921 15

106 1948 226 2018 bantur,
245 1947 275 2003 in
299 1946 407 2004 aedem
423 1945 593 2017 Minervae,
610 1964 689 2021 quae
705 1945 902 2006 Chalcioicos
918 1958 1004 2007 voce-

106 2061 163 2122 tur,
184 2049 330 2125 conlegit.
377 2049 461 2106 Hinc
480 2056 519 2107 ne
536 2058 617 2107 exire
637 2059 752 2125 posset,
770 2049 874 2108 statim
897 2051 1004 2128 ephori

106 2154 211 2212 valves
246 2153 311 2211 eius
345 2152 432 2210 aedis
465 2152 684 2211 obstruxerunt
719 2159 897 2230 tectumque
933 2164 1005 2213 sunt

73 2257 253 2328 3demoliti,
278 2263 339 2331 que
362 2255 492 2314 celerius
516 2256 573 2314 sub
596 2255 668 2315 dive
694 2255 839 2315 interiret.
886 2259 1005 2316 Dicitur

107 2369 144 2420 ee
160 2370 298 2437 tempore
317 2368 444 2418 metrem
468 2359 640 2417 Pausaniae
655 2359 769 2417 vixisse
791 2378 922 2437 eamque
945 2362 1004 2419 iam
1023 2375 1048 2410 20

108 2472 220 2540 megne
243 2473 326 2535 nertii,
343 2473 507 2539 postquam
531 2463 569 2521 de
594 2463 709 2521 scelere
731 2463 778 2521 fili
800 2464 957 2540 comperit,
974 2465 1004 2521 in

107 2576 212 2645 primis
228 2568 268 2626 ad
282 2566 380 2623 filium
401 2566 607 2624 claudendum
628 2565 762 2641 lapidem
785 2567 825 2625 ad
847 2566 1004 2627 introitum

73 2672 194 2730 taedis
220 2670 369 2729 attulisse.
416 2671 478 2727 Hic
508 2688 577 2727 curn
607 2669 794 2728 semianimis
822 2670 862 2729 de
891 2672 1005 2747 temple

108 2776 206 2834 eletus
222 2785 313 2847 esset,
331 2772 495 2833 confestim
511 2772 644 2830 animam
660 2772 782 2832 efflaivit.
829 2774 879 2832 Sic
896 2777 1005 2832 Pausa·

108 2878 176 2937 niuis
195 2887 337 2955 inriguam
360 2876 433 2935 belli
454 2875 582 2952 gleriam
608 2885 689 2952 turpi
710 2886 806 2935 morte
831 2877 1003 2936 maculevit.
1024 2893 1049 2943 25

153 3066 162 3099 1
183 3053 366 3116 perturbatus,
381 3054 589 3112 permotus-3
608 3049 752 3113 repentini,
771 3050 920 3110 subiti—4
937 3061 1006 3102 com·

108 3136 234 3200 perisset,
248 3136 405 3197 cngtzuvisset.
415 3147 473 3195 -9
491 3132 589 3195 satius,
603 3133 700 3180 melius.
709 3161 742 3168 -
752 3144 780 3197 15
799 3132 936 3199 gradibus,
950 3141 1007 3197 pas·

108 3220 226 3267 sibus.—
239 3218 267 3267 16
284 3218 388 3281 aedem,
411 3217 625 3277 templum—19
646 3215 695 3265 sub
719 3215 792 3280 dive,
816 3217 938 3274 sublove,
962 3217 1006 3264 sub

109 3304 182 3352 caele.
192 3330 225 3338 -
235 3315 265 3349 22
285 3300 438 3362 introitum,
451 3300 568 3346 idnuam.
920 3290 929 3296 ’
