<?xml version="1.0" encoding="UTF-8"?>
<!DOCTYPE html PUBLIC "-//W3C//DTD XHTML 1.0 Transitional//EN"
    "http://www.w3.org/TR/xhtml1/DTD/xhtml1-transitional.dtd">
<html xmlns="http://www.w3.org/1999/xhtml" xml:lang="en" lang="en">
 <head>
  <title>
</title>
<meta http-equiv="Content-Type" content="text/html;charset=utf-8" />
  <meta name='ocr-system' content='tesseract 3.04.00' />
  <meta name='ocr-capabilities' content='ocr_page ocr_carea ocr_par ocr_line ocrx_word'/>
</head>
<body>
  <div class='ocr_page' id='page_1' title='image "./selectedlivesfr00robegoog_0053.png"; bbox 0 0 2294 3638; ppageno 0'>
   <div class='ocr_carea' id='block_1_1' title="bbox 109 211 675 276">
    <p class='ocr_par' dir='ltr' id='par_1_1' title="bbox 109 211 675 276">
     <span class='ocr_line' id='line_1_1' title="bbox 109 211 675 276; baseline 0 -18"><span class='ocrx_word' id='word_1_1' title='bbox 109 211 142 275; x_wconf 70' lang='lat'>23</span> <span class='ocrx_word' id='word_1_2' title='bbox 450 211 581 260; x_wconf 81' lang='lat' dir='ltr'>crmon.</span> <span class='ocrx_word' id='word_1_3' title='bbox 618 225 640 276; x_wconf 81' lang='lat'>3,</span> <span class='ocrx_word' id='word_1_4' title='bbox 653 225 675 272; x_wconf 83' lang='lat'>4.</span> 
     </span>
    </p>
   </div>
   <div class='ocr_carea' id='block_1_2' title="bbox 71 378 1059 2936">
    <p class='ocr_par' dir='ltr' id='par_1_2' title="bbox 71 378 1009 767">
     <span class='ocr_line' id='line_1_2' title="bbox 71 378 1009 453; baseline 0.001 -15"><span class='ocrx_word' id='word_1_5' title='bbox 71 379 94 438; x_wconf 88' lang='grc'>3</span> <span class='ocrx_word' id='word_1_6' title='bbox 152 379 273 453; x_wconf 91' lang='lat' dir='ltr'><strong>Quibus</strong></span> <span class='ocrx_word' id='word_1_7' title='bbox 288 380 380 438; x_wconf 90' lang='lat' dir='ltr'>rebus</span> <span class='ocrx_word' id='word_1_8' title='bbox 396 399 466 438; x_wconf 92' lang='lat' dir='ltr'>cum</span> <span class='ocrx_word' id='word_1_9' title='bbox 482 389 561 439; x_wconf 82' lang='lat' dir='ltr'>unus</span> <span class='ocrx_word' id='word_1_10' title='bbox 576 379 609 439; x_wconf 92' lang='lat' dir='ltr'>in</span> <span class='ocrx_word' id='word_1_11' title='bbox 623 379 748 439; x_wconf 77' lang='lat' dir='ltr'>civitete</span> <span class='ocrx_word' id='word_1_12' title='bbox 772 378 905 440; x_wconf 67' lang='lat' dir='ltr'>maixime</span> <span class='ocrx_word' id='word_1_13' title='bbox 925 378 1009 440; x_wconf 81' lang='lat' dir='ltr'>flere</span> 
     </span>
     <span class='ocr_line' id='line_1_3' title="bbox 110 483 1008 563; baseline 0.002 -23"><span class='ocrx_word' id='word_1_14' title='bbox 110 493 164 555; x_wconf 90' lang='lat' dir='ltr'>ret,</span> <span class='ocrx_word' id='word_1_15' title='bbox 184 483 292 542; x_wconf 86' lang='lat' dir='ltr'>incidit</span> <span class='ocrx_word' id='word_1_16' title='bbox 315 484 346 541; x_wconf 93' lang='lat' dir='ltr'>in</span> <span class='ocrx_word' id='word_1_17' title='bbox 373 484 503 542; x_wconf 88' lang='lat' dir='ltr'>eandem</span> <span class='ocrx_word' id='word_1_18' title='bbox 530 483 677 542; x_wconf 89' lang='lat' dir='ltr'>invidiam</span> <span class='ocrx_word' id='word_1_19' title='bbox 703 501 795 558; x_wconf 89' lang='lat' dir='ltr'>quam</span> <span class='ocrx_word' id='word_1_20' title='bbox 821 494 911 563; x_wconf 87' lang='lat' dir='ltr'>pater</span> <span class='ocrx_word' id='word_1_21' title='bbox 937 503 1008 542; x_wconf 93' lang='lat' dir='ltr'>suus</span> 
     </span>
     <span class='ocr_line' id='line_1_4' title="bbox 111 586 1009 663; baseline 0.001 -19"><span class='ocrx_word' id='word_1_22' title='bbox 111 595 265 662; x_wconf 89' lang='lat' dir='ltr'>ceterique</span> <span class='ocrx_word' id='word_1_23' title='bbox 293 587 529 646; x_wconf 89' lang='lat' dir='ltr'>Atheniensium</span> <span class='ocrx_word' id='word_1_24' title='bbox 555 586 730 663; x_wconf 89' lang='lat' dir='ltr'>principes:</span> <span class='ocrx_word' id='word_1_25' title='bbox 762 605 834 649; x_wconf 86' lang='lat' dir='ltr'>nam</span> <span class='ocrx_word' id='word_1_26' title='bbox 860 596 1009 647; x_wconf 75' lang='lat' dir='ltr'>testerum</span> 
     </span>
     <span class='ocr_line' id='line_1_5' title="bbox 112 689 1009 767; baseline 0.001 -18"><span class='ocrx_word' id='word_1_27' title='bbox 112 691 275 767; x_wconf 64' lang='lat' dir='ltr'>suffragiis</span> <span class='ocrx_word' id='word_1_28' title='bbox 289 692 373 767; x_wconf 89' lang='lat' dir='ltr'>quod</span> <span class='ocrx_word' id='word_1_29' title='bbox 389 691 432 748; x_wconf 89' lang='lat' dir='ltr'>illi</span> <span class='ocrx_word' id='word_1_30' title='bbox 447 689 643 767; x_wconf 77' lang='grc' dir='ltr'>ὀστρακισμόν</span> <span class='ocrx_word' id='word_1_31' title='bbox 654 699 775 762; x_wconf 86' lang='lat' dir='ltr'>vocant,</span> <span class='ocrx_word' id='word_1_32' title='bbox 792 691 902 748; x_wconf 91' lang='lat' dir='ltr'>decem</span> <span class='ocrx_word' id='word_1_33' title='bbox 917 699 1009 750; x_wconf 74' lang='lat' dir='ltr'>anne</span> 
     </span>
    </p>

    <p class='ocr_par' dir='ltr' id='par_1_3' title="bbox 77 792 1055 1266">
     <span class='ocr_line' id='line_1_6' title="bbox 77 792 1055 859; baseline 0.001 -9"><span class='ocrx_word' id='word_1_34' title='bbox 77 792 94 842; x_wconf 82' lang='lat'>2</span> <span class='ocrx_word' id='word_1_35' title='bbox 111 813 177 850; x_wconf 93' lang='lat' dir='ltr'>rum</span> <span class='ocrx_word' id='word_1_36' title='bbox 190 793 298 852; x_wconf 81' lang='lat' dir='ltr'>exsilio</span> <span class='ocrx_word' id='word_1_37' title='bbox 310 795 456 852; x_wconf 79' lang='lat' dir='ltr'>multetus</span> <span class='ocrx_word' id='word_1_38' title='bbox 466 804 522 852; x_wconf 89' lang='lat' dir='ltr'>est.</span> <span class='ocrx_word' id='word_1_39' title='bbox 551 793 646 853; x_wconf 82' lang='lat' dir='ltr'>Cuius</span> <span class='ocrx_word' id='word_1_40' title='bbox 657 793 732 851; x_wconf 82' lang='lat' dir='ltr'>facti</span> <span class='ocrx_word' id='word_1_41' title='bbox 743 792 875 852; x_wconf 91' lang='lat' dir='ltr'>celerius</span> <span class='ocrx_word' id='word_1_42' title='bbox 885 795 1010 853; x_wconf 90' lang='lat' dir='ltr'>Atheni·</span> <span class='ocrx_word' id='word_1_43' title='bbox 1044 808 1055 859; x_wconf 84' lang='lat'>5</span> 
     </span>
     <span class='ocr_line' id='line_1_7' title="bbox 112 896 1009 973; baseline 0.002 -19"><span class='ocrx_word' id='word_1_44' title='bbox 112 904 202 955; x_wconf 90' lang='lat' dir='ltr'>enses</span> <span class='ocrx_word' id='word_1_45' title='bbox 219 916 310 973; x_wconf 89' lang='lat' dir='ltr'>quam</span> <span class='ocrx_word' id='word_1_46' title='bbox 327 897 427 972; x_wconf 93' lang='lat' dir='ltr'>ipsum</span> <span class='ocrx_word' id='word_1_47' title='bbox 443 896 603 973; x_wconf 89' lang='lat' dir='ltr'>paenituit.</span> <span class='ocrx_word' id='word_1_48' title='bbox 649 897 730 954; x_wconf 87' lang='lat' dir='ltr'>Nam</span> <span class='ocrx_word' id='word_1_49' title='bbox 745 914 816 954; x_wconf 93' lang='lat' dir='ltr'>cum</span> <span class='ocrx_word' id='word_1_50' title='bbox 834 896 886 955; x_wconf 90' lang='lat' dir='ltr'>ille</span> <span class='ocrx_word' id='word_1_51' title='bbox 907 898 1009 957; x_wconf 80' lang='lat' dir='ltr'>anime</span> 
     </span>
     <span class='ocr_line' id='line_1_8' title="bbox 111 997 1009 1077; baseline 0.002 -21"><span class='ocrx_word' id='word_1_52' title='bbox 111 1001 183 1058; x_wconf 80' lang='lat' dir='ltr'>forti</span> <span class='ocrx_word' id='word_1_53' title='bbox 200 1000 333 1058; x_wconf 83' lang='lat' dir='ltr'>invidiae</span> <span class='ocrx_word' id='word_1_54' title='bbox 350 1000 537 1076; x_wconf 61' lang='lat' dir='ltr'>ingratorum</span> <span class='ocrx_word' id='word_1_55' title='bbox 550 999 661 1058; x_wconf 86' lang='lat' dir='ltr'>civium</span> <span class='ocrx_word' id='word_1_56' title='bbox 674 997 820 1058; x_wconf 89' lang='lat' dir='ltr'>cessisset</span> <span class='ocrx_word' id='word_1_57' title='bbox 832 1000 1009 1077; x_wconf 87' lang='lat' dir='ltr'>bellumque</span> 
     </span>
     <span class='ocr_line' id='line_1_9' title="bbox 112 1101 1008 1174; baseline 0.001 -13"><span class='ocrx_word' id='word_1_58' title='bbox 112 1103 353 1161; x_wconf 83' lang='lat' dir='ltr'>Lacedaemonii</span> <span class='ocrx_word' id='word_1_59' title='bbox 368 1102 612 1160; x_wconf 88' lang='lat' dir='ltr'>Atheniensibus</span> <span class='ocrx_word' id='word_1_60' title='bbox 635 1101 829 1174; x_wconf 82' lang='lat' dir='ltr'>indixissent,</span> <span class='ocrx_word' id='word_1_61' title='bbox 845 1104 1008 1163; x_wconf 71' lang='lat' dir='ltr'>censestim</span> 
     </span>
     <span class='ocr_line' id='line_1_10' title="bbox 114 1205 1007 1266; baseline 0.002 -2"><span class='ocrx_word' id='word_1_62' title='bbox 114 1215 204 1264; x_wconf 79' lang='lat' dir='ltr'>netne</span> <span class='ocrx_word' id='word_1_63' title='bbox 242 1206 307 1264; x_wconf 90' lang='lat' dir='ltr'>eius</span> <span class='ocrx_word' id='word_1_64' title='bbox 336 1206 456 1264; x_wconf 83' lang='lat' dir='ltr'>virtutis</span> <span class='ocrx_word' id='word_1_65' title='bbox 493 1205 679 1263; x_wconf 89' lang='lat' dir='ltr'>desiderium</span> <span class='ocrx_word' id='word_1_66' title='bbox 716 1212 917 1264; x_wconf 83' lang='lat' dir='ltr'>censecutum</span> <span class='ocrx_word' id='word_1_67' title='bbox 953 1217 1007 1266; x_wconf 87' lang='lat' dir='ltr'>est.</span> 
     </span>
    </p>

    <p class='ocr_par' dir='ltr' id='par_1_4' title="bbox 80 1306 1057 1799">
     <span class='ocr_line' id='line_1_11' title="bbox 80 1306 1057 1386; baseline -0.004 -19"><span class='ocrx_word' id='word_1_68' title='bbox 80 1306 96 1355; x_wconf 87' lang='grc'><strong>3</strong></span> <span class='ocrx_word' id='word_1_69' title='bbox 116 1314 224 1386; x_wconf 84' lang='lat' dir='ltr'>ltaque</span> <span class='ocrx_word' id='word_1_70' title='bbox 240 1320 310 1385; x_wconf 90' lang='lat' dir='ltr'>post</span> <span class='ocrx_word' id='word_1_71' title='bbox 327 1328 440 1366; x_wconf 84' lang='lat' dir='ltr'>annum</span> <span class='ocrx_word' id='word_1_72' title='bbox 457 1318 607 1385; x_wconf 89' lang='lat' dir='ltr'>quintum,</span> <span class='ocrx_word' id='word_1_73' title='bbox 621 1327 712 1384; x_wconf 88' lang='lat' dir='ltr'>quam</span> <span class='ocrx_word' id='word_1_74' title='bbox 728 1309 876 1384; x_wconf 83' lang='lat' dir='ltr'>expulsus</span> <span class='ocrx_word' id='word_1_75' title='bbox 891 1321 965 1382; x_wconf 87' lang='lat' dir='ltr'>erat,</span> <span class='ocrx_word' id='word_1_76' title='bbox 980 1311 1009 1368; x_wconf 95' lang='lat' dir='ltr'>in</span> <span class='ocrx_word' id='word_1_77' title='bbox 1030 1330 1057 1364; x_wconf 89' lang='lat'>10</span> 
     </span>
     <span class='ocr_line' id='line_1_12' title="bbox 114 1410 1010 1489; baseline 0.002 -19"><span class='ocrx_word' id='word_1_78' title='bbox 114 1413 243 1489; x_wconf 81' lang='lat' dir='ltr'>patrium</span> <span class='ocrx_word' id='word_1_79' title='bbox 259 1421 420 1471; x_wconf 77' lang='lat' dir='ltr'>revocetus</span> <span class='ocrx_word' id='word_1_80' title='bbox 436 1421 492 1470; x_wconf 91' lang='lat' dir='ltr'>est.</span> <span class='ocrx_word' id='word_1_81' title='bbox 532 1411 598 1483; x_wconf 87' lang='lat' dir='ltr'>Ille,</span> <span class='ocrx_word' id='word_1_82' title='bbox 612 1411 695 1487; x_wconf 92' lang='lat' dir='ltr'>quod</span> <span class='ocrx_word' id='word_1_83' title='bbox 707 1410 846 1487; x_wconf 81' lang='lat' dir='ltr'>hospitiri</span> <span class='ocrx_word' id='word_1_84' title='bbox 858 1413 1010 1472; x_wconf 86' lang='lat' dir='ltr'>Lacedae·</span> 
     </span>
     <span class='ocr_line' id='line_1_13' title="bbox 115 1497 1010 1592; baseline 0.001 -19"><span class='ocrx_word' id='word_1_85' title='bbox 115 1517 286 1575; x_wconf 82' lang='lat' dir='ltr'>monierum</span> <span class='ocrx_word' id='word_1_86' title='bbox 303 1516 453 1586; x_wconf 79' lang='lat' dir='ltr'>utebetur,</span> <span class='ocrx_word' id='word_1_87' title='bbox 468 1514 564 1572; x_wconf 88' lang='lat' dir='ltr'>satius</span> <span class='ocrx_word' id='word_1_88' title='bbox 579 1513 759 1573; x_wconf 63' lang='lat' dir='ltr'>existimans</span> <span class='ocrx_word' id='word_1_89' title='bbox 770 1497 1010 1592; x_wconf 75' lang='lat' dir='ltr'>conre&#39;dcrequam</span> 
     </span>
     <span class='ocr_line' id='line_1_14' title="bbox 115 1618 1011 1694; baseline 0.001 -17"><span class='ocrx_word' id='word_1_90' title='bbox 115 1631 207 1677; x_wconf 75' lang='lat' dir='ltr'>armis</span> <span class='ocrx_word' id='word_1_91' title='bbox 230 1620 426 1690; x_wconf 84' lang='lat' dir='ltr'>contendere,</span> <span class='ocrx_word' id='word_1_92' title='bbox 450 1618 717 1676; x_wconf 82' lang='lat' dir='ltr'>Lacedaemonem</span> <span class='ocrx_word' id='word_1_93' title='bbox 740 1627 798 1683; x_wconf 70' lang='lat' dir='ltr'>suri¹</span> <span class='ocrx_word' id='word_1_94' title='bbox 823 1627 935 1694; x_wconf 88' lang='lat' dir='ltr'>sponte</span> <span class='ocrx_word' id='word_1_95' title='bbox 964 1629 1011 1678; x_wconf 90' lang='lat' dir='ltr'>est</span> 
     </span>
     <span class='ocr_line' id='line_1_15' title="bbox 115 1719 1012 1799; baseline 0 -18"><span class='ocrx_word' id='word_1_96' title='bbox 115 1724 270 1799; x_wconf 81' lang='lat' dir='ltr'>profectus</span> <span class='ocrx_word' id='word_1_97' title='bbox 283 1732 454 1799; x_wconf 67' lang='lat' dir='ltr'>picemque</span> <span class='ocrx_word' id='word_1_98' title='bbox 470 1721 550 1779; x_wconf 89' lang='lat' dir='ltr'>inter</span> <span class='ocrx_word' id='word_1_99' title='bbox 564 1722 642 1780; x_wconf 77' lang='lat' dir='ltr'>dues</span> <span class='ocrx_word' id='word_1_100' title='bbox 657 1719 891 1797; x_wconf 66' lang='lat' dir='ltr'>potentissimis</span> <span class='ocrx_word' id='word_1_101' title='bbox 910 1723 1012 1782; x_wconf 75' lang='lat' dir='ltr'>civite·</span> 
     </span>
    </p>

    <p class='ocr_par' dir='ltr' id='par_1_5' title="bbox 81 1824 1059 2213">
     <span class='ocr_line' id='line_1_16' title="bbox 81 1824 1059 1902; baseline -0.002 -17"><span class='ocrx_word' id='word_1_102' title='bbox 81 1829 98 1878; x_wconf 82' lang='lat'><strong><em>4</em></strong></span> <span class='ocrx_word' id='word_1_103' title='bbox 115 1835 161 1886; x_wconf 90' lang='lat' dir='ltr'>tes</span> <span class='ocrx_word' id='word_1_104' title='bbox 178 1826 360 1884; x_wconf 61' lang='lat' dir='ltr'>conciliavit.</span> <span class='ocrx_word' id='word_1_105' title='bbox 404 1829 486 1897; x_wconf 90' lang='lat' dir='ltr'>Post,</span> <span class='ocrx_word' id='word_1_106' title='bbox 501 1844 602 1901; x_wconf 90' lang='lat' dir='ltr'>neque</span> <span class='ocrx_word' id='word_1_107' title='bbox 618 1824 660 1883; x_wconf 86' lang='lat' dir='ltr'>ita</span> <span class='ocrx_word' id='word_1_108' title='bbox 672 1824 776 1896; x_wconf 82' lang='lat' dir='ltr'>multo,</span> <span class='ocrx_word' id='word_1_109' title='bbox 791 1826 927 1902; x_wconf 87' lang='lat' dir='ltr'>Cyprum</span> <span class='ocrx_word' id='word_1_110' title='bbox 943 1845 1012 1885; x_wconf 92' lang='lat' dir='ltr'>cum</span> <span class='ocrx_word' id='word_1_111' title='bbox 1032 1839 1059 1891; x_wconf 86' lang='lat'>15</span> 
     </span>
     <span class='ocr_line' id='line_1_17' title="bbox 116 1928 1012 2005; baseline 0 -17"><span class='ocrx_word' id='word_1_112' title='bbox 116 1932 257 1988; x_wconf 88' lang='lat' dir='ltr'>ducentis</span> <span class='ocrx_word' id='word_1_113' title='bbox 273 1930 403 1988; x_wconf 71' lang='lat' dir='ltr'>nivibus</span> <span class='ocrx_word' id='word_1_114' title='bbox 420 1930 584 2005; x_wconf 71' lang='lat' dir='ltr'>imperetur</span> <span class='ocrx_word' id='word_1_115' title='bbox 602 1937 724 2000; x_wconf 88' lang='lat' dir='ltr'>missus,</span> <span class='ocrx_word' id='word_1_116' title='bbox 741 1947 810 1986; x_wconf 92' lang='lat' dir='ltr'>cum</span> <span class='ocrx_word' id='word_1_117' title='bbox 832 1928 899 1987; x_wconf 91' lang='lat' dir='ltr'>eius</span> <span class='ocrx_word' id='word_1_118' title='bbox 921 1929 1012 1988; x_wconf 74' lang='lat' dir='ltr'>meie</span> 
     </span>
     <span class='ocr_line' id='line_1_18' title="bbox 116 2030 1012 2109; baseline 0 -19"><span class='ocrx_word' id='word_1_119' title='bbox 116 2053 179 2091; x_wconf 90' lang='lat' dir='ltr'>rem</span> <span class='ocrx_word' id='word_1_120' title='bbox 194 2043 311 2109; x_wconf 83' lang='lat' dir='ltr'>partem</span> <span class='ocrx_word' id='word_1_121' title='bbox 329 2033 447 2091; x_wconf 86' lang='lat' dir='ltr'>insulae</span> <span class='ocrx_word' id='word_1_122' title='bbox 464 2032 638 2103; x_wconf 73' lang='lat' dir='ltr'>devicisset,</span> <span class='ocrx_word' id='word_1_123' title='bbox 651 2031 682 2088; x_wconf 92' lang='lat' dir='ltr'>in</span> <span class='ocrx_word' id='word_1_124' title='bbox 694 2031 834 2089; x_wconf 90' lang='lat' dir='ltr'>morbum</span> <span class='ocrx_word' id='word_1_125' title='bbox 846 2030 1012 2107; x_wconf 91' lang='lat' dir='ltr'>implicitus</span> 
     </span>
     <span class='ocr_line' id='line_1_19' title="bbox 117 2130 600 2213; baseline -0.002 -19"><span class='ocrx_word' id='word_1_126' title='bbox 117 2139 146 2194; x_wconf 89' lang='lat' dir='ltr'>in</span> <span class='ocrx_word' id='word_1_127' title='bbox 163 2137 278 2213; x_wconf 82' lang='lat' dir='ltr'>oppide</span> <span class='ocrx_word' id='word_1_128' title='bbox 294 2130 376 2195; x_wconf 82' lang='lat' dir='ltr'>Citio</span> <span class='ocrx_word' id='word_1_129' title='bbox 391 2146 439 2194; x_wconf 91' lang='lat' dir='ltr'>est</span> <span class='ocrx_word' id='word_1_130' title='bbox 454 2146 600 2194; x_wconf 76' lang='lat' dir='ltr'>mortuus,</span> 
     </span>
    </p>

    <p class='ocr_par' dir='ltr' id='par_1_6' title="bbox 81 2233 1059 2833">
     <span class='ocr_line' id='line_1_20' title="bbox 81 2233 1012 2318; baseline -0.001 -21"><span class='ocrx_word' id='word_1_131' title='bbox 81 2233 104 2291; x_wconf 86' lang='lat'>4</span> <span class='ocrx_word' id='word_1_132' title='bbox 151 2243 257 2318; x_wconf 20' lang='lat' dir='ltr'>‘Hunc</span> <span class='ocrx_word' id='word_1_133' title='bbox 273 2239 480 2297; x_wconf 74' lang='lat' dir='ltr'>Athenienses</span> <span class='ocrx_word' id='word_1_134' title='bbox 497 2247 558 2297; x_wconf 84' lang='lat' dir='ltr'>nen</span> <span class='ocrx_word' id='word_1_135' title='bbox 576 2238 675 2296; x_wconf 83' lang='lat' dir='ltr'>solum</span> <span class='ocrx_word' id='word_1_136' title='bbox 691 2237 721 2294; x_wconf 93' lang='lat' dir='ltr'>in</span> <span class='ocrx_word' id='word_1_137' title='bbox 740 2237 832 2308; x_wconf 83' lang='lat' dir='ltr'>belle,</span> <span class='ocrx_word' id='word_1_138' title='bbox 849 2239 905 2297; x_wconf 89' lang='lat' dir='ltr'>sed</span> <span class='ocrx_word' id='word_1_139' title='bbox 920 2238 1012 2298; x_wconf 87' lang='lat' dir='ltr'>etiam</span> 
     </span>
     <span class='ocr_line' id='line_1_21' title="bbox 117 2339 1059 2420; baseline 0 -19"><span class='ocrx_word' id='word_1_140' title='bbox 117 2345 147 2401; x_wconf 87' lang='lat' dir='ltr'>in</span> <span class='ocrx_word' id='word_1_141' title='bbox 164 2353 241 2420; x_wconf 71' lang='lat' dir='ltr'>price</span> <span class='ocrx_word' id='word_1_142' title='bbox 257 2343 310 2400; x_wconf 83' lang='lat' dir='ltr'>diu</span> <span class='ocrx_word' id='word_1_143' title='bbox 325 2342 585 2400; x_wconf 64' lang='lat' dir='ltr'>desideraverunt.</span> <span class='ocrx_word' id='word_1_144' title='bbox 632 2340 703 2400; x_wconf 90' lang='lat' dir='ltr'>Fuit</span> <span class='ocrx_word' id='word_1_145' title='bbox 714 2339 796 2398; x_wconf 91' lang='lat' dir='ltr'>enim</span> <span class='ocrx_word' id='word_1_146' title='bbox 808 2349 896 2400; x_wconf 74' lang='lat' dir='ltr'>tante</span> <span class='ocrx_word' id='word_1_147' title='bbox 907 2342 1013 2401; x_wconf 75' lang='lat' dir='ltr'>libere-</span> <span class='ocrx_word' id='word_1_148' title='bbox 1030 2358 1059 2393; x_wconf 91' lang='lat'>20</span> 
     </span>
     <span class='ocr_line' id='line_1_22' title="bbox 117 2443 1013 2521; baseline -0.003 -16"><span class='ocrx_word' id='word_1_149' title='bbox 117 2448 211 2519; x_wconf 66' lang='lat' dir='ltr'>litate,</span> <span class='ocrx_word' id='word_1_150' title='bbox 244 2465 313 2504; x_wconf 91' lang='lat' dir='ltr'>cum</span> <span class='ocrx_word' id='word_1_151' title='bbox 343 2445 551 2521; x_wconf 80' lang='lat' dir='ltr'>compluribus</span> <span class='ocrx_word' id='word_1_152' title='bbox 581 2445 657 2505; x_wconf 89' lang='lat' dir='ltr'>locis</span> <span class='ocrx_word' id='word_1_153' title='bbox 687 2443 815 2519; x_wconf 85' lang='lat' dir='ltr'>praedia</span> <span class='ocrx_word' id='word_1_154' title='bbox 845 2443 1013 2521; x_wconf 80' lang='lat' dir='ltr'>hortesque</span> 
     </span>
     <span class='ocr_line' id='line_1_23' title="bbox 118 2546 1013 2624; baseline -0.002 -16"><span class='ocrx_word' id='word_1_155' title='bbox 118 2552 254 2621; x_wconf 86' lang='lat' dir='ltr'>haberet,</span> <span class='ocrx_word' id='word_1_156' title='bbox 282 2559 315 2606; x_wconf 95' lang='lat' dir='ltr'>ut</span> <span class='ocrx_word' id='word_1_157' title='bbox 341 2567 506 2624; x_wconf 87' lang='lat' dir='ltr'>numquam</span> <span class='ocrx_word' id='word_1_158' title='bbox 533 2548 564 2605; x_wconf 92' lang='lat' dir='ltr'>in</span> <span class='ocrx_word' id='word_1_159' title='bbox 588 2548 625 2607; x_wconf 89' lang='lat' dir='ltr'>iis</span> <span class='ocrx_word' id='word_1_160' title='bbox 650 2547 810 2606; x_wconf 82' lang='lat' dir='ltr'>custridem</span> <span class='ocrx_word' id='word_1_161' title='bbox 834 2546 1013 2624; x_wconf 89' lang='lat' dir='ltr'>imposuerit</span> 
     </span>
     <span class='ocr_line' id='line_1_24' title="bbox 118 2650 1013 2728; baseline -0.001 -18"><span class='ocrx_word' id='word_1_162' title='bbox 118 2656 233 2713; x_wconf 83' lang='lat' dir='ltr'>fructus</span> <span class='ocrx_word' id='word_1_163' title='bbox 260 2653 403 2711; x_wconf 86' lang='lat' dir='ltr'>servandi</span> <span class='ocrx_word' id='word_1_164' title='bbox 428 2651 537 2728; x_wconf 75' lang='lat' dir='ltr'>gretie,</span> <span class='ocrx_word' id='word_1_165' title='bbox 562 2659 601 2709; x_wconf 90' lang='lat' dir='ltr'>ne</span> <span class='ocrx_word' id='word_1_166' title='bbox 628 2650 696 2727; x_wconf 92' lang='lat' dir='ltr'>quis</span> <span class='ocrx_word' id='word_1_167' title='bbox 726 2650 924 2726; x_wconf 88' lang='lat' dir='ltr'>impediretur</span> <span class='ocrx_word' id='word_1_168' title='bbox 952 2658 1013 2727; x_wconf 82' lang='lat' dir='ltr'>que</span> 
     </span>
     <span class='ocr_line' id='line_1_25' title="bbox 119 2754 1011 2833; baseline -0.003 -19"><span class='ocrx_word' id='word_1_169' title='bbox 119 2758 218 2815; x_wconf 91' lang='lat' dir='ltr'>minus</span> <span class='ocrx_word' id='word_1_170' title='bbox 242 2765 286 2815; x_wconf 91' lang='lat' dir='ltr'>eis</span> <span class='ocrx_word' id='word_1_171' title='bbox 313 2757 403 2814; x_wconf 90' lang='lat' dir='ltr'>rebus</span> <span class='ocrx_word' id='word_1_172' title='bbox 431 2755 543 2831; x_wconf 89' lang='lat' dir='ltr'>quibus</span> <span class='ocrx_word' id='word_1_173' title='bbox 569 2754 699 2833; x_wconf 90' lang='lat' dir='ltr'>quisque</span> <span class='ocrx_word' id='word_1_174' title='bbox 723 2755 825 2826; x_wconf 85' lang='lat' dir='ltr'>vellet,</span> <span class='ocrx_word' id='word_1_175' title='bbox 854 2754 1011 2814; x_wconf 74' lang='lat' dir='ltr'>frueretur.</span> 
     </span>
    </p>

    <p class='ocr_par' dir='ltr' id='par_1_7' title="bbox 84 2858 1059 2936">
     <span class='ocr_line' id='line_1_26' title="bbox 84 2858 1059 2936; baseline -0.003 -18"><span class='ocrx_word' id='word_1_176' title='bbox 84 2861 101 2911; x_wconf 82' lang='lat'>2</span> <span class='ocrx_word' id='word_1_177' title='bbox 121 2864 247 2936; x_wconf 90' lang='lat' dir='ltr'>Semper</span> <span class='ocrx_word' id='word_1_178' title='bbox 262 2879 331 2917; x_wconf 93' lang='lat' dir='ltr'>eum</span> <span class='ocrx_word' id='word_1_179' title='bbox 347 2858 510 2935; x_wconf 86' lang='lat' dir='ltr'>pedisequi</span> <span class='ocrx_word' id='word_1_180' title='bbox 526 2877 595 2916; x_wconf 91' lang='lat' dir='ltr'>cum</span> <span class='ocrx_word' id='word_1_181' title='bbox 612 2866 743 2915; x_wconf 88' lang='lat' dir='ltr'>nummis</span> <span class='ocrx_word' id='word_1_182' title='bbox 760 2866 832 2916; x_wconf 94' lang='lat' dir='ltr'>sunt</span> <span class='ocrx_word' id='word_1_183' title='bbox 847 2867 954 2931; x_wconf 79' lang='lat' dir='ltr'>secuti,</span> <span class='ocrx_word' id='word_1_184' title='bbox 972 2866 1012 2928; x_wconf 90' lang='lat' dir='ltr'>ut,</span> <span class='ocrx_word' id='word_1_185' title='bbox 1031 2875 1059 2926; x_wconf 85' lang='lat'>25</span> 
     </span>
    </p>
   </div>
   <div class='ocr_carea' id='block_1_3' title="bbox 120 3038 1015 3355">
    <p class='ocr_par' dir='ltr' id='par_1_8' title="bbox 120 3038 1015 3355">
     <span class='ocr_line' id='line_1_27' title="bbox 163 3038 1015 3105; baseline -0.002 -17"><span class='ocrx_word' id='word_1_186' title='bbox 163 3056 172 3088; x_wconf 86' lang='lat'>1</span> <span class='ocrx_word' id='word_1_187' title='bbox 188 3042 301 3105; x_wconf 71' lang='lat' dir='ltr'>flbreret,</span> <span class='ocrx_word' id='word_1_188' title='bbox 310 3042 536 3088; x_wconf 69' lang='lat' dir='ltr'>illristmiretur.—</span> <span class='ocrx_word' id='word_1_189' title='bbox 547 3052 575 3086; x_wconf 90' lang='lat'>10</span> <span class='ocrx_word' id='word_1_190' title='bbox 594 3039 723 3102; x_wconf 85' lang='lat' dir='ltr'>expulsus</span> <span class='ocrx_word' id='word_1_191' title='bbox 735 3038 803 3102; x_wconf 73' lang='lat' dir='ltr'>erat,</span> <span class='ocrx_word' id='word_1_192' title='bbox 816 3040 905 3086; x_wconf 75' lang='lat' dir='ltr'>eiectus</span> <span class='ocrx_word' id='word_1_193' title='bbox 916 3045 978 3087; x_wconf 84' lang='lat' dir='ltr'>erat.</span> <span class='ocrx_word' id='word_1_194' title='bbox 986 3066 1015 3074; x_wconf 91' lang='lat'>—</span> 
     </span>
     <span class='ocr_line' id='line_1_28' title="bbox 122 3121 1014 3187; baseline 0 -15"><span class='ocrx_word' id='word_1_195' title='bbox 122 3140 150 3173; x_wconf 88' lang='lat'>12</span> <span class='ocrx_word' id='word_1_196' title='bbox 160 3124 331 3187; x_wconf 62' lang='lat' dir='ltr'>existimetis,</span> <span class='ocrx_word' id='word_1_197' title='bbox 346 3129 451 3184; x_wconf 73' lang='lat' dir='ltr'>putem.</span> <span class='ocrx_word' id='word_1_198' title='bbox 467 3152 500 3158; x_wconf 97' lang='lat'>—</span> <span class='ocrx_word' id='word_1_199' title='bbox 516 3136 543 3182; x_wconf 93' lang='lat'>17</span> <span class='ocrx_word' id='word_1_200' title='bbox 563 3121 717 3184; x_wconf 69' lang='lat' dir='ltr'>devicisset,</span> <span class='ocrx_word' id='word_1_201' title='bbox 736 3122 916 3184; x_wconf 69' lang='lat' dir='ltr'>subegisset.-</span> <span class='ocrx_word' id='word_1_202' title='bbox 927 3121 956 3171; x_wconf 86' lang='lat'>18</span> <span class='ocrx_word' id='word_1_203' title='bbox 973 3121 1014 3172; x_wconf 69' lang='lat' dir='ltr'>eei</span> 
     </span>
     <span class='ocr_line' id='line_1_29' title="bbox 120 3204 1015 3271; baseline -0.011 -13"><span class='ocrx_word' id='word_1_204' title='bbox 120 3211 250 3271; x_wconf 79' lang='lat' dir='ltr'>mortuus,</span> <span class='ocrx_word' id='word_1_205' title='bbox 263 3209 328 3254; x_wconf 85' lang='lat' dir='ltr'>diem</span> <span class='ocrx_word' id='word_1_206' title='bbox 351 3207 410 3253; x_wconf 86' lang='lat' dir='ltr'>obiit</span> <span class='ocrx_word' id='word_1_207' title='bbox 426 3210 581 3266; x_wconf 71' lang='lat' dir='ltr'>supremum.</span> <span class='ocrx_word' id='word_1_208' title='bbox 592 3233 625 3239; x_wconf 95' lang='lat'><strong>—</strong></span> <span class='ocrx_word' id='word_1_209' title='bbox 636 3218 666 3267; x_wconf 82' lang='lat'>23</span> <span class='ocrx_word' id='word_1_210' title='bbox 684 3204 782 3267; x_wconf 60' lang='lat' dir='ltr'>gretie,</span> <span class='ocrx_word' id='word_1_211' title='bbox 796 3209 880 3252; x_wconf 74' lang='lat' dir='ltr'>causa.</span> <span class='ocrx_word' id='word_1_212' title='bbox 890 3232 923 3240; x_wconf 90' lang='lat'>-</span> <span class='ocrx_word' id='word_1_213' title='bbox 932 3204 1015 3269; x_wconf 74' lang='lat' dir='ltr'>impe·</span> 
     </span>
     <span class='ocr_line' id='line_1_30' title="bbox 120 3287 802 3355; baseline -0.015 -12"><span class='ocrx_word' id='word_1_214' title='bbox 120 3293 230 3355; x_wconf 79' lang='lat' dir='ltr'>ditetur,</span> <span class='ocrx_word' id='word_1_215' title='bbox 244 3291 431 3353; x_wconf 60' lang='lat' dir='ltr'>prohiberetur.</span> <span class='ocrx_word' id='word_1_216' title='bbox 441 3315 474 3323; x_wconf 97' lang='lat'><em>-</em></span> <span class='ocrx_word' id='word_1_217' title='bbox 485 3302 497 3335; x_wconf 89' lang='lat' dir='ltr'><strong><em>z</em></strong></span> <span class='ocrx_word' id='word_1_218' title='bbox 502 3300 515 3353; x_wconf 85' lang='lat'><strong>5</strong></span> <span class='ocrx_word' id='word_1_219' title='bbox 532 3287 683 3351; x_wconf 84' lang='lat' dir='ltr'>pedisequi,</span> <span class='ocrx_word' id='word_1_220' title='bbox 695 3287 802 3350; x_wconf 79' lang='lat' dir='ltr'>famuli.</span> 
     </span>
    </p>
   </div>
   <div class='ocr_carea' id='block_1_4' title="bbox 0 0 1161 3638">
    <p class='ocr_par' dir='ltr' id='par_1_9' title="bbox 0 0 1161 3638">
     <span class='ocr_line' id='line_1_31' title="bbox 0 0 1161 3638; baseline 0 0"><span class='ocrx_word' id='word_1_221' title='bbox 0 0 1161 3638; x_wconf 95' lang='lat' dir='ltr'> </span> 
     </span>
    </p>
   </div>
  </div>
 </body>
</html>
