2294 3638
107 217 141 267 36
392 215 625 277 ALCIBIADES.
660 216 683 273 6,
696 230 719 277 7.

109 384 230 461 publice
252 385 343 456 bona,
363 383 517 460 iidemque
539 383 582 441 illi
605 383 805 459 Eumolpidae
828 384 1004 444 sacerdutes

109 497 213 546 rursus
235 496 391 546 resacrere
414 498 486 545 sunt
512 495 611 546 coucti
635 495 687 563 qui
709 505 779 545 eum
807 488 1004 560 devoverant,
1067 539 1069 544 ,

109 591 250 668 pilaeque
272 591 342 649 illae
368 591 399 649 in
419 591 531 667 quibus
558 588 682 649 devutiu
706 590 808 649 fuerat
833 599 956 668 scripta,
973 591 1005 649 in

109 713 192 752 mare
208 693 437 770 praecipitatae.

72 800 92 859 7
152 799 242 856 Haec
261 796 416 855 Alcibiadi
439 781 556 855 laetitia
579 804 642 856 nun
661 796 753 855 nimis
775 797 833 856 fuit
851 797 1004 857 diuturna.
1042 815 1053 864 5

111 903 191 960 Nam
207 919 276 958 cum
292 910 320 958 ei
336 907 444 958 omnes
460 909 566 958 essent
585 899 719 959 honures
741 901 857 960 decreti
878 909 1006 978 tutaque

110 1012 158 1063 res
174 1004 296 1080 publica
315 1005 399 1063 domi
416 1003 551 1080 bellique
573 1003 694 1076 trudita‚
712 1012 746 1061 ut
767 1013 857 1063 unius
880 1004 1007 1065 arbitrie

109 1115 273 1185 gereretur,
293 1117 323 1166 et
338 1107 405 1183 ipse
424 1105 614 1183 postulesset
638 1115 671 1165 ut
693 1107 755 1165 duo
777 1107 838 1166 sibi
860 1109 1007 1186 conlegae

110 1212 265 1282 darentur,
300 1209 512 1288 Thrasybulus
547 1218 578 1267 et
603 1210 805 1283 Adimantus,
839 1229 941 1288 neque
976 1212 1007 1271 id

111 1323 256 1391 uegetum
273 1322 376 1385 esset,
407 1314 508 1372 classe
537 1312 569 1369 in
595 1312 703 1371 Asiam
732 1313 899 1389 profectus,
924 1315 1008 1391 quod
1029 1337 1057 1371 10

111 1420 194 1494 apud
218 1420 335 1495 Cymen
358 1416 460 1475 minus
479 1435 516 1474 ex
541 1415 696 1475 sententie
719 1435 782 1474 rem
804 1428 953 1494 gesserat,
976 1418 1009 1476 in

77 1521 259 1579 2invidiam
280 1519 415 1578 reccidit.
472 1519 556 1578 Nihil
586 1519 668 1577 enim
697 1538 766 1577 eum
796 1527 857 1580 nun
888 1521 1009 1580 efficere

112 1643 204 1701 posse
230 1623 394 1682 ducebant.
439 1625 484 1681 Ex
508 1629 570 1698 que
594 1622 691 1682 fiebat
721 1632 754 1681 ut
782 1623 885 1682 omnia
908 1625 1010 1683 minus

112 1735 259 1804 prespere
287 1736 376 1803 gesta
406 1726 514 1801 culpae
544 1725 721 1797 tribuerent,
752 1744 821 1785 cum
855 1736 909 1785 aut
940 1747 1011 1787 eum

114 1831 311 1907 neglegenter
326 1839 379 1888 aut
394 1828 546 1895 malitiuse
561 1828 673 1887 fecisse
689 1829 888 1904 loquerentur
901 1855 907 1904 3
931 1841 1011 1891 sicut
1030 1852 1058 1905 15

114 1945 178 1995 tum
194 1935 325 1995 accidit:
348 1953 419 1992 narn
435 1941 610 2008 corruptum
626 1940 644 1990 u
666 1939 737 2008 rege
759 1951 869 2008 capere
893 1936 1009 2012 C‘ymen

80 2050 96 2100 3
114 2040 250 2100 noluisse
266 2039 444 2115 arguebant.
492 2038 601 2110 Itaque
622 2034 692 2092 huic
715 2034 844 2094 maixime
867 2045 1011 2113 putemus

114 2145 196 2203 malci
210 2143 307 2201 fuisse
323 2141 448 2198 nimiam
461 2137 639 2215 opinionem
652 2136 756 2213 ingeni
767 2148 861 2214 atque
872 2139 992 2199 virtutis
1005 2164 1010 2200 :

114 2248 278 2308 timebatur
304 2245 385 2304 enim
412 2251 474 2303 nun
504 2241 604 2299 minus
633 2258 726 2316 quam
755 2241 948 2319 diligebutur,
973 2251 1012 2303 ne

116 2351 254 2410 secunde
276 2349 400 2407 lurtunu
422 2354 603 2422 mugnisque
626 2343 737 2420 opibus
759 2345 859 2404 elatus
880 2347 1012 2425 tyranni·
1031 2371 1061 2406 20

116 2456 186 2514 dern
216 2459 457 2528 concupisceret.
503 2448 624 2521 Quibus
654 2447 746 2506 rebus
770 2447 887 2507 sactum
910 2460 958 2510 est
979 2460 1013 2510 ut

117 2559 238 2617 absenti
264 2554 475 2631 magistratum
505 2551 689 2627 abrogarent
715 2559 745 2609 et
772 2550 864 2609 alium
889 2551 922 2611 in
948 2553 1013 2613 eius

84 2662 218 2719 ilocum
248 2658 477 2718 substituerent.
524 2655 561 2712 Id
591 2653 641 2711 ille
671 2662 705 2712 ut
733 2654 858 2726 audivit,
889 2656 1013 2715 domum

117 2773 227 2822 reverti
253 2760 350 2821 nuluit
376 2770 406 2817 et
435 2766 469 2817 se
499 2760 634 2835 Pactyen
665 2756 794 2816 contulit
823 2757 928 2834 ibique
956 2759 1015 2818 tria

118 2867 246 2927 castella
268 2863 455 2935 communiit,
477 2863 589 2934 OrnuS,
612 2860 790 2934 Bizanthen‚
812 2864 1013 2938 NeontichoS‚
1033 2884 1062 2936 25

118 2979 272 3046 manuque
289 2968 429 3027 conlecta
440 2975 555 3041 primus
566 2967 704 3023 Graecae
719 2964 853 3025 civitatis
874 2966 905 3025 in
920 2969 1014 3028 Thre-

163 3147 175 3198 5
193 3133 332 3194 diuturna,
341 3131 487 3191 longinqua.
497 3141 551 3188 -7
571 3127 691 3191 arbitrie,
705 3129 840 3178 voluntate.
850 3157 882 3166 —
893 3145 923 3196 13
940 3133 1016 3184 duce·

118 3218 194 3280 bant,
212 3214 398 3263 existimdbant.
408 3241 441 3247 —
453 3225 480 3271 17
499 3210 658 3275 arguebant,
672 3210 899 3274 adfirmabant-
913 3215 942 3264 18
959 3216 1017 3280 opi-

116 3301 237 3362 niunem,
248 3298 468 3345 existimatimem.
