2294 3638
410 155 622 204 MILTIADES.
657 168 680 214 4,
696 166 717 219 5.
996 152 1010 202 5

113 330 151 380 ec
167 331 240 381 sues
262 322 369 399 copies
384 323 416 380 in
433 342 574 399 campum
598 322 785 381 Marathona
807 322 1008 380 deduxerunt.

115 427 147 483 Is
174 434 222 483 est
247 425 286 484 ab
314 426 430 502 oppido
456 425 577 484 circiter
605 424 688 483 milia
717 443 864 501 passuum
891 425 1008 482 decem.

79 533 96 583 3
115 529 188 587 Ηόο
213 528 345 588 tumultu
371 528 579 587 Athenienses
601 537 663 586 tam
686 535 859 605 propinque
885 536 1008 603 tamque

113 639 227 708 magno
249 639 380 708 permoti
402 631 548 690 auxilium
570 650 722 707 nusquam
744 630 804 689 nisi
822 639 841 688 a
857 631 1010 689 Lacedae-

113 733 225 793 moniis
261 742 435 810 petiverunt
472 735 718 811 Phidippumque
755 741 908 793 curserem
942 725 1008 792 eius
1044 728 1057 799 ’5

111 837 235 914 generis
261 847 314 914 qui
343 839 595 896 hemerodromoe
621 846 778 909 vocantur,
805 837 1009 895 Lacedaemo

113 958 184 998 nem
199 947 355 1013 miserunt,
378 950 411 999 ut
434 940 589 1000 nuntiaret
604 959 696 1017 quam
715 939 807 998 celeri
827 959 905 1015 opus
926 948 1008 998 esset

79 1050 96 1097 4
113 1043 235 1103 auxilio.
281 1047 373 1103 Domi
396 1053 497 1103 autem
520 1054 624 1103 creant
645 1045 753 1103 decem
773 1050 938 1119 praetereS,
956 1051 1008 1118 qui

112 1145 260 1206 exercitui
280 1156 468 1222 praeessent,
487 1148 518 1205 in
539 1147 575 1206 iis
596 1146 778 1205 Miltiadem.
824 1148 910 1204 Inter
929 1153 1007 1221 ques

112 1258 224 1327 magna
252 1250 310 1309 fuit
340 1251 499 1309 contentis)
528 1260 627 1309 utrum
654 1249 817 1308 moenibus
844 1256 877 1308 se
903 1249 1058 1308 defen-10

112 1353 221 1411 derent
250 1373 289 1411 an
319 1353 441 1412 obviam
473 1363 551 1412 irent
582 1353 724 1413 hostibus
754 1353 881 1428 acieque
906 1353 1009 1411 decer-

77 1465 94 1514 5
112 1465 229 1515 nerent.
261 1449 351 1516 Unus
368 1456 527 1515 Miltiades
543 1455 674 1514 maxime
690 1457 845 1514 nitebatur
861 1465 894 1514 ut
909 1463 1007 1532 primo

111 1567 235 1635 quoque
258 1569 395 1636 tempore
418 1570 520 1618 castra
541 1559 668 1618 fierent:
691 1558 723 1617 id
738 1547 895 1617 sitantum
914 1569 1004 1631 esset,

111 1672 142 1721 et
168 1662 287 1721 civibus
317 1662 452 1720 animum
479 1672 683 1735 accessurum,
707 1681 777 1721 cum
803 1661 942 1720 viderent
967 1663 1006 1720 de

111 1772 216 1825 eerum
231 1765 342 1825 virtute
357 1773 421 1825 non
437 1766 601 1843 desperem,
613 1775 644 1824 et
656 1766 761 1824 hostes
777 1765 885 1824 eedem
897 1773 929 1823 re
940 1765 1005 1824 fore
1026 1787 1055 1839 15

110 1868 270 1942 tardiereS,
284 1878 310 1928 si
322 1869 602 1929 animadverterent
617 1869 723 1928 auderi
738 1869 887 1927 adversus
899 1876 932 1948 se
944 1878 1006 1927 tam

110 1971 229 2049 exiguis
244 1971 342 2049 cepiis
360 1973 507 2032 dimicari.
791 1972 794 1979 ’

71 2082 95 2142 5
153 2077 225 2135 Hoc
234 2075 266 2133 in
276 2085 412 2152 tempore
423 2075 507 2135 nulla
517 2076 625 2135 civites
635 2075 879 2135 Atheniensibus
892 2074 1020 2136 auxilie-

109 2177 168 2237 fuit
189 2188 310 2255 praeter
333 2180 540 2238 Plataeenses.
586 2181 631 2237 Ea
652 2179 735 2237 mille
759 2179 841 2237 misit
865 2179 1003 2238 militum.
1061 2240 1063 2244 ,

111 2284 221 2358 Itaque
250 2283 359 2342 herum
389 2283 523 2341 adventu
556 2282 663 2341 decem
700 2282 784 2340 milia
820 2290 1005 2341 armatorum
1024 2307 1056 2368 ².⁰

109 2385 265 2461 completa
291 2395 370 2456 sunt,
399 2405 478 2461 quae
500 2404 610 2443 manus
632 2385 764 2444 mirabili
786 2385 936 2461 flagrabat
954 2395 1006 2461 pu·

75 2488 225 2565 2gnandi
248 2488 426 2564 cupiditate.
471 2490 542 2562 Quo
563 2490 680 2547 factum
701 2498 749 2547 est
771 2489 892 2564 utplus
914 2507 1005 2564 quam

109 2591 256 2668 conlegae
279 2591 438 2651 Miltiades
456 2593 580 2651 valeret.
627 2585 700 2651 Eius
726 2599 799 2668 ergo
823 2592 1004 2651 aucteritate

109 2693 233 2770 impulsi
263 2693 470 2754 Athenienses
507 2695 613 2772 cepies
650 2714 688 2753 ex
723 2696 798 2753 urbe
835 2695 1005 2754 eduxerunt

75 2798 239 2873 3loceque
261 2797 375 2858 idenee
395 2808 496 2857 castra
516 2799 663 2858 fecerunt.
710 2798 791 2856 Dein
810 2807 934 2875 postero
955 2799 1004 2858 die
1023 2819 1054 2872 ²5

109 2900 166 2959 sub
196 2900 311 2960 montis
340 2901 495 2960 radicibus
522 2901 587 2960 acie
616 2902 740 2978 regiene
767 2911 915 2961 instructi
941 2911 1003 2962 nen

108 3002 302 3080 apertissime
317 3004 466 3081 proelium
482 3013 700 3063 commiserunt
717 3004 863 3084 (namque
880 3006 1004 3064 arbores

152 3150 162 3184 1
177 3149 313 3202 campum,
321 3136 531 3199 planitiem—8
550 3140 650 3202 creant,
664 3139 786 3201 deligunt,
795 3165 828 3173 -
839 3112 866 3198 iq
887 3137 1014 3200 enigma,

102 3225 201 3283 paucis.
212 3248 245 3256 —
255 3233 285 3281 ²4
298 3221 418 3286 impulsi,
432 3222 537 3270 inducti.
