2294 3638
418 151 639 201 PAUSANIAS.
676 165 697 198 2.
974 147 1004 197 21

73 309 96 367 2
152 321 227 378 Post
242 319 273 378 id
288 319 439 396 proelium
455 320 588 378 eundem
607 318 791 376 Pausaniam
814 337 883 376 cum
906 316 1005 375 classe

109 430 264 482 communi
280 424 414 500 Cyprum
430 432 522 499 atque
542 423 781 498 Hellespontum
800 428 956 492 miserunt,
973 428 1006 477 ut

109 545 147 584 ex
160 525 209 584 his
229 525 406 602 regienibus
429 527 629 585 barbarerum
651 524 807 601 praesidia
828 523 1004 600 depelleret.

74 638 91 687 2
110 631 180 686 Pari
194 629 342 688 felicitate
358 629 389 686 in
405 638 442 688 ea
458 636 490 688 re
506 639 579 688 usus
595 628 705 688 elatius
721 635 755 686 se
774 646 879 704 gerere
904 625 1006 701 coepit

109 731 302 808 maioresque
339 741 483 808 appetere
520 739 577 791 res.
635 733 714 789 Nam
751 749 821 788 curn
858 729 1006 808 Byzantio
1043 742 1055 795 5

109 842 284 911 expugnato
320 835 454 910 cepisset
489 835 661 911 complures
697 836 857 892 Persarum
886 831 1006 891 nobiles

110 947 202 1013 atque
226 937 256 1022 in
279 937 316 996 iis
339 938 504 997 nonnullos
527 937 607 1015 regis
629 943 828 1013 propinques,
848 936 905 994 hos
928 935 1006 993 clam

110 1042 205 1098 Xerxi
220 1040 344 1113 remisit,
359 1041 508 1100 simulans
524 1060 562 1099 ex
573 1040 683 1099 vinclis
699 1039 829 1116 publicis
850 1038 1004 1115 effugisse,

110 1153 224 1202 etcum
240 1144 277 1202 iis
298 1145 473 1222 Gongylum
497 1144 710 1215 Eretriensem,
729 1151 782 1219 qui
803 1143 921 1201 litteres
943 1149 1006 1218 regi

110 1246 260 1318 redderet,
277 1247 309 1304 in
330 1247 442 1324 quibus
463 1248 540 1305 haec
559 1247 657 1305 fuisse
678 1255 792 1323 scripta
807 1245 1006 1334 Thucydides
1027 1265 1056 1300 10

76 1351 93 1400 3
110 1350 275 1408 memoriae
290 1350 427 1426 prodidit
443 1374 448 1408 :
480 1358 498 1384 ‘⁶
508 1350 687 1422 Pausanias,
702 1351 764 1408 dux
777 1351 914 1426 Spartae,
929 1356 1006 1425 quos

112 1455 239 1530 Byzanti
249 1461 381 1530 ceperat,
392 1463 556 1530 postquam
567 1461 757 1530 propinquos
769 1460 839 1512 tuos
852 1452 1005 1529 cegnovit,

110 1556 167 1615 tibi
187 1565 305 1615 muneri
326 1557 410 1616 misit
433 1565 528 1634 seque
551 1565 652 1616 tecum
676 1556 838 1616 adfinitate
861 1555 1007 1632 coniungi

111 1659 217 1735 cupit:
247 1667 349 1736 quare,
376 1669 401 1719 si
428 1659 484 1718 tibi
506 1660 635 1731 videtur,
663 1661 718 1719 des
744 1669 772 1718 ei
797 1659 893 1717 filiam
923 1667 1007 1716 tuam

76 1765 94 1815 4
111 1772 248 1838 nuptum.
294 1764 331 1822 Id
346 1772 372 1822 si
386 1763 506 1835 feceris,
520 1773 550 1822 et
567 1765 708 1840 Spartam
723 1772 754 1821 et
769 1770 901 1821 ceteram
914 1764 1007 1821 Grae·
1027 1775 1056 1827 ¹5

111 1866 190 1923 ciam
205 1866 263 1924 sub
279 1875 363 1924 tuam
378 1875 565 1942 potestatem
581 1874 622 1937 se,
637 1866 803 1925 adiuvante
818 1873 857 1938 te,
871 1867 1007 1924 redactu-

110 1988 176 2026 rum
191 1969 360 2045 pollicetur.
407 1971 467 2028 His
483 1971 521 2028 de
537 1971 628 2028 rebus
649 1978 675 2027 si
691 1970 765 2046 quid
785 1978 849 2046 geri
864 1968 1005 2040 volueris,

111 2082 226 2130 certum
256 2072 412 2131 hominem
441 2073 481 2132 ad
510 2092 579 2132 eum
609 2073 713 2131 mittas
741 2073 818 2143 face,
846 2092 915 2130 cum
946 2080 1008 2148 que

76 2175 344 2251 oeonloquetur.'’
390 2178 458 2234 Rex
482 2185 529 2234 tot
555 2176 711 2234 hominum
736 2177 833 2235 salute
860 2185 922 2234 tam
949 2175 1007 2234 sibi

111 2278 355 2338 necessariorum
371 2287 482 2356 magne
498 2298 589 2355 opere
608 2288 733 2356 gavisus
753 2279 917 2338 censestim
938 2298 1007 2337 cum
1027 2294 1057 2329 20

111 2381 244 2458 epistula
268 2383 456 2441 Artabazum
483 2384 522 2441 ad
550 2382 734 2440 Pausaniam
760 2383 860 2455 mittit,
888 2382 919 2440 in
947 2392 1007 2457 que

111 2504 179 2544 eum
195 2486 369 2557 conlaudat,
386 2486 471 2562 petit,
490 2486 593 2544 necui
613 2494 657 2544 rei
679 2495 786 2562 parcat
808 2487 847 2544 ad
864 2505 900 2544 ea
918 2486 1007 2544 effici-

22 2639 24 2643 ,
111 2589 193 2646 enda
207 2607 287 2665 quae
302 2588 485 2664 pollicetur:
509 2598 535 2648 si
557 2589 727 2665 perfecerit,
747 2589 859 2648 nullius
874 2598 917 2647 rei
938 2598 956 2647 e
975 2597 1008 2647 se

75 2691 264 2767 brepulsam
294 2692 434 2750 laturum.
503 2692 605 2750 Huius
625 2692 812 2750 -Pausanias
850 2691 1008 2750 voluntate

111 2794 235 2871 cbgnite
250 2793 380 2853 alacrior
395 2795 434 2853 ad
450 2813 514 2853 rem
528 2795 696 2872 gerendam
708 2796 809 2854 iactus
819 2795 850 2851 in
863 2795 1008 2871 suspicio·
1028 2810 1058 2862 25

153 2978 166 3026 7
185 2965 361 3030 propinques,
381 2967 629 3013 necessariae-12
648 2965 783 3030 οόμὸνίῒ,
803 2966 920 3025 repperit.
932 2992 965 3000 —
980 2979 1007 3026 17

109 3051 262 3117 pollicetur,
282 3052 430 3114 promitti&
456 3052 522 3116 geri,
540 3053 656 3115 fieri—
671 3067 702 3100 20
721 3053 818 3115 megnb
835 3062 924 3115 opere,
943 3053 1010 3099 velte·

110 3145 215 3188 menter.
224 3166 258 3175 —
267 3136 421 3202 cenfestm,
435 3139 527 3186 statim.
