2294 3638
418 575 700 661 PELOPIDAS.

72 826 93 883 1
152 829 335 884 Panormus
347 827 525 899 Thebanus,
536 826 633 904 magis
645 827 799 886 historicis
811 847 904 902 quam
914 829 1005 906 volgo

110 937 210 989 notus.
256 930 351 988 Cuius
367 930 405 988 de
418 909 705 989 virtutibusdubito
717 949 808 1005 quem
824 931 864 989 ad
880 932 1005 990 modum

110 1041 270 1110 exponam,
287 1034 371 1109 quod
387 1053 500 1106 vereor,
519 1042 544 1092 si
560 1041 608 1093 res
624 1034 776 1110 explicare
795 1034 949 1111 incipiam,
967 1044 1005 1094 ne

110 1145 172 1197 non
188 1146 282 1196 vitam
305 1137 370 1196 eius
394 1145 545 1210 enarrare,
563 1137 619 1196 sed
640 1137 800 1196 historiam
815 1137 921 1197 videar
936 1148 1005 1198 scri·

109 1243 198 1312 bere;
223 1251 249 1300 si
265 1242 478 1300 tantummodo
501 1251 636 1300 summais
660 1241 798 1318 attigero,
816 1249 855 1301 ne
877 1242 1005 1301 rudibus
1041 1268 1053 1319 5

110 1347 294 1404 Graecarum
308 1345 477 1404 litterarum
489 1338 590 1403 minus
603 1343 735 1403 dilucide
750 1354 898 1421 appareat
913 1365 1006 1421 quan-

109 1458 159 1507 tus
185 1448 277 1506 fuerit
302 1448 353 1506 ille
380 1447 433 1506 vir.
486 1450 595 1523 Itaque
621 1456 741 1523 utrique
767 1457 810 1506 rei
836 1468 1003 1522 occurram,

110 1562 258 1629 quantum
284 1559 422 1628 potuero,
450 1561 481 1610 et
506 1552 654 1610 medebor
679 1570 748 1610 cum
774 1551 912 1612 satietati
942 1562 1006 1612 tum

110 1655 301 1733 ignorantiae
318 1656 474 1714 lectorum.
896 1711 899 1717 ,
979 1735 982 1741 Ι
1064 1643 1067 1647 ’

76 1761 93 1812 2
152 1759 329 1819 Phoebidais
347 1758 619 1831 Lacedaemonius,
637 1777 705 1817 curn
726 1758 893 1818 exercitum
914 1760 1006 1838 Oiyn-
1026 1789 1054 1822 10

110 1865 197 1923 thurn
223 1864 349 1922 duceret
376 1862 493 1937 iterque
519 1881 574 1939 per
599 1862 726 1920 Thebais
751 1863 876 1935 faceret,
905 1882 1006 1922 arcem

110 1967 225 2043 oppidi,
243 1985 322 2042 quae
340 1965 477 2025 Cadmea
496 1964 678 2038 nominatur,
696 1965 859 2041 occupavit
874 1965 1007 2043 impulsu

109 2078 278 2147 paucorum
288 2069 515 2140 Thebanorum,
530 2077 582 2144 qui
594 2067 788 2127 adversariae
800 2068 930 2128 factioni
946 2077 1007 2145 quo

109 2174 230 2233 facilius
246 2173 433 2244 resisterent,
451 2173 607 2231 Laconum
620 2172 711 2230 rebus
724 2172 900 2246 studebant,
914 2172 1006 2248 idque

76 2285 93 2335 3
110 2285 167 2337 suo
185 2285 304 2353 priveto
325 2283 388 2334 non
409 2274 533 2350 publico
555 2274 628 2332 fecit
649 2273 787 2333 consilio.
833 2274 904 2348 Quo
924 2276 1007 2335 facto
1027 2289 1054 2340 15

110 2400 180 2439 eum
198 2377 436 2438 Lacedaemonii
457 2378 496 2435 ab
517 2377 652 2436 exercitu
671 2385 865 2437 removerunt
885 2378 1007 2454 pecuni-

110 2494 190 2562 aque
213 2485 398 2552 multarunt3
422 2500 523 2556 neque
546 2489 583 2540 eo
606 2480 704 2557 magis
726 2499 827 2539 arcem
848 2481 1007 2542 Thebanis

110 2588 319 2658 reddiderunt,
347 2585 431 2660 quod
461 2592 613 2660 susceptis
640 2582 807 2643 inimicitiis
833 2584 930 2644 satius
957 2586 1007 2644 du-

110 2692 223 2751 cebant
255 2698 308 2750 eos
341 2687 476 2746 obsideri
511 2706 602 2762 quam
636 2687 766 2745 liberari.
822 2688 902 2745 Nam
937 2697 1008 2764 post

144 2860 157 2892 2
177 2858 257 2909 quem
274 2844 309 2894 ad
328 2841 446 2903 modum,
465 2847 641 2902 quantum.-
650 2853 665 2902 3
680 2840 732 2903 res,
746 2843 786 2886 ris
795 2845 927 2901 gestan-
936 2854 949 2905 5
966 2854 1009 2891 m.

110 2928 199 2992 dibus,
213 2932 320 2989 igrzdris.
329 2923 384 2971 —6
396 2921 524 2986 dilucide,
536 2923 676 2986 manifeste.
684 2950 718 2957 -
728 2935 755 2968 12
769 2921 899 2988 impulsa,
911 2929 1007 2986 rogata,

113 3011 141 3059 18
161 3009 327 3078 inimicitiis,
341 3006 520 3056 simultatibus.
