2294 3638
277 213 280 217 '
375 206 519 255 EPAMIN
522 207 573 254 ΟΝ
576 207 656 256 DAS.
692 221 714 267 7,
727 208 750 256 8.
978 212 1011 260 49

114 376 229 436 diotius
264 375 441 434 retinuisset
475 393 567 452 quam
599 375 664 451 lege
695 377 891 452 praefinitum
922 379 1008 437 foret.
1072 441 1079 450 ,

114 481 207 538 Hanc
223 478 456 555 Epaminondas
471 496 540 536 cum
558 488 603 536 rei
620 478 761 556 poblicae
779 482 1010 541 conservandae

112 591 207 642 causa
222 582 315 641 latam
330 581 457 653 videret,
475 583 514 640 ad
529 582 696 659 perniciem
717 576 850 642 ciiitatis
871 586 1010 645 conferre

112 685 211 745 noluit
232 694 264 744 et
282 693 427 762 quattuor
446 684 604 745 mensibus
628 685 741 744 diotius
765 706 855 762 quam
878 688 1010 766 populus

112 791 252 864 insserat,
269 791 366 868 gessit
385 791 552 869 imperium.
1046 810 1059 861 5

73 899 99 959 8
154 896 324 971 Postquam
340 895 464 953 domum
479 894 611 953 reditum
627 903 683 967 est,
700 894 847 971 conlegae
867 894 932 953 eius
951 896 1010 953 hoc

112 997 238 1056 crimine
273 998 507 1056 accosabantur.
566 997 688 1074 Quibus
719 997 768 1056 ille
805 997 943 1075 permisit
977 1009 1010 1057 ut

112 1119 236 1159 ornnem
267 1119 393 1159 causam
423 1101 453 1158 in
484 1109 517 1160 se
543 1101 744 1162 transferrent
771 1110 887 1178 suaque
917 1111 1010 1177 opera

111 1206 228 1263 iactum
244 1204 468 1263 contenderent
484 1213 516 1262 ut
537 1203 596 1281 legi
617 1211 679 1263 non
702 1204 893 1263 oboedirent.
939 1206 1009 1280 Qua

112 1308 294 1367 defensione
317 1308 377 1366 illis
401 1308 537 1384 periculo
560 1308 697 1367 liberatis
720 1315 811 1367 nemo
828 1309 1009 1386 Epaminon·
1031 1333 1059 1366 10

112 1412 183 1471 dam
205 1419 422 1489 responsorum
443 1412 581 1488 putabat,
600 1411 690 1487 quod,
712 1411 785 1489 quid
801 1411 924 1483 diceret,
947 1420 1008 1470 non

76 1516 248 1576 2haberet.
306 1518 348 1574 At
375 1514 425 1572 ille
452 1514 483 1570 in
511 1513 655 1572 iodicium
682 1514 774 1586 venit,
803 1514 878 1571 nihil
904 1523 1009 1573 eorum

66 1600 72 1611 ’
113 1619 236 1695 negavit
262 1637 341 1695 quae
362 1616 529 1677 adversarii
550 1617 669 1676 crimini
695 1617 820 1690 dabant,
845 1619 1008 1694 omniaque

112 1743 190 1800 quae
214 1725 361 1801 conlegae
383 1724 532 1796 dixerant,
550 1723 711 1782 confessus
734 1732 781 1780 est
804 1741 904 1800 neque
928 1734 1009 1782 reco-

112 1828 192 1888 savit
215 1836 277 1905 quo
299 1829 400 1888 minus
423 1829 499 1907 legis
524 1847 656 1906 poenam
681 1829 805 1901 subiret,
833 1828 888 1886 sed
916 1838 1008 1886 onum
1030 1852 1059 1903 15

112 1933 150 1991 ab
180 1932 219 1990 iis
248 1932 363 2008 petivit,
396 1942 429 1992 ut
465 1933 496 1990 in
530 1933 670 2010 sepulcro
700 1940 757 1991 suo
786 1933 1007 1992 inscriberent:

65 2047 93 2104 ,3
114 2036 374 2112 “Epaminondas
403 2045 422 2095 a
453 2037 612 2096 Thebanis
648 2045 746 2094 morte
776 2035 922 2094 multatus
952 2045 1006 2107 est,

111 2140 196 2215 quod
219 2147 273 2198 eos
298 2139 399 2216 coegit
426 2141 509 2217 apud
532 2142 664 2199 Leuctra
686 2147 829 2215 superare
856 2140 1008 2197 Lacedae-

111 2247 241 2320 monioS,
266 2253 344 2323 quos
368 2255 439 2304 ante
463 2253 496 2304 se
518 2245 732 2322 impetitorem
756 2252 846 2305 nemo
870 2245 1008 2304 Boeotio-

76 2359 93 2407 4
111 2369 176 2409 rum
194 2369 288 2409 ausus
304 2350 344 2409 sit
360 2349 499 2426 aspicere
515 2349 546 2407 in
562 2350 637 2421 acie,
655 2350 798 2425 quodque
814 2357 876 2408 ono
891 2350 1008 2426 proelio
1028 2371 1058 2405 20

112 2461 174 2512 non
198 2430 296 2513 soloin
320 2454 445 2512 Thebas
468 2454 507 2512 ab
531 2453 653 2511 interito
675 2452 809 2525 retraxit,
834 2454 889 2511 sed
915 2453 1007 2512 etiam

111 2557 286 2617 nniversam
301 2557 464 2616 Graeciam
486 2557 517 2614 in
538 2557 710 2616 libertatem
726 2556 893 2615 vindicavit
910 2563 1007 2631 eoque

111 2669 160 2721 res
183 2668 381 2736 utrorumque
404 2660 545 2737 perdirxit
569 2671 601 2718 ut
624 2661 766 2718 Thebani
795 2663 934 2735 Spartam
958 2679 1008 2734 op-

111 2773 293 2842 pugnarent,
327 2763 567 2822 Lacedaemonii
594 2763 668 2822 satis
699 2764 847 2821 haberent
877 2773 902 2820 si
933 2762 1008 2820 salvi

78 2871 181 2927 5esse
211 2876 348 2944 possent,
378 2885 478 2943 neque
508 2865 591 2942 prius
621 2866 735 2924 bellare
765 2865 883 2925 destitit
916 2885 1007 2941 quam
1027 2883 1057 2934 25

152 3072 165 3120 7
197 3057 332 3122 permisit,
363 3058 485 3104 concessit.
498 3069 558 3118 -9
588 3057 786 3119 contenderent,
811 3057 1008 3119 affirmarent,-

110 3142 276 3205 0b0edirent,
284 3144 491 3202 parerent—21
508 3137 632 3201 retraxit,
641 3141 880 3185 conservavit-22
894 3136 1010 3186 inliber-

110 3225 198 3275 titem
209 3221 375 3285 vindicavit,
389 3222 597 3283 lt‘beravit.1-25
615 3219 733 3282 destitit,
747 3221 891 3266 intermisit.
