2294 3638
407 795 694 879 mmmmm.

71 1039 92 1096 1
150 1026 332 1083 PAUSANms
363 1026 627 1084 Lacedaemonius
658 1034 786 1103 magnus
815 1027 916 1101 homd,
948 1028 1002 1087 sed

108 1127 208 1186 varius
225 1128 255 1185 in
273 1138 355 1186 omni
369 1148 482 1206 genere
498 1137 578 1187 vitae
597 1128 675 1187 fuit:
698 1147 770 1186 nam
792 1139 825 1188 ut
841 1115 1003 1190 virtsrtibus

107 1231 210 1304 eluxit,
227 1241 271 1289 sic
288 1232 369 1290 vitiis
390 1241 437 1290 est
453 1232 588 1291 obrutus.
603 1262 605 1264 ·
636 1231 739 1290 Hsrius
754 1231 1003 1292 inlustrissimum

73 1343 155 1392 aest
180 1334 330 1410 proelium
360 1336 442 1411 apud
473 1334 625 1394 Plataeas.
672 1337 813 1411 Namque
843 1335 896 1396 illd
925 1336 1003 1396 duce

109 1437 299 1510 Mardonius,
325 1446 464 1515 satrapes
487 1438 598 1516 regius,
626 1437 752 1498 natidne
780 1439 902 1513 Medus,
924 1440 1003 1517 regis
1039 1458 1052 1510 5

24 1577 25 1581 =
106 1560 209 1617 gener,
227 1541 258 1598 in
280 1550 385 1617 primis
408 1541 544 1599 omnium
568 1543 729 1600 Persarum
745 1551 776 1600 et
799 1551 892 1601 manfr
914 1542 1003 1602 fortis

107 1629 138 1702 et
160 1645 269 1704 cdnsili
291 1644 409 1720 plenus,
432 1663 501 1702 cum
527 1645 674 1730 ducentis
703 1643 826 1704 milibus
855 1644 1002 1721 peditum,

108 1755 185 1823 quds
211 1748 323 1806 viritim
349 1747 473 1823 legerat,
501 1756 532 1805 et
558 1746 666 1824 viginti
692 1746 828 1824 equitum
854 1748 938 1807 haud
961 1748 1004 1808 ita

108 1860 218 1928 magna
237 1861 329 1908 mansi
345 1850 493 1910 Graeciae
514 1851 637 1927 fugatus
659 1860 714 1923 est,
731 1858 831 1927 edque
853 1850 920 1927 ipse
942 1852 1004 1910 dux

73 1966 90 2014 3
107 1955 220 2013 cecidit
232 1954 357 2030 proelio.
398 1955 468 2028 Qua
482 1953 609 2014 victeria
622 1955 721 2013 elatus
733 1936 863 2030 plr'rrima
875 1954 1002 2013 miscere
1024 1974 1052 2009 ιο

108 2058 210 2134 coepit
225 2068 255 2117 et
270 2058 384 2116 maiora
406 2067 635 2134 concupiscere.
682 2057 743 2116 Sed
763 2066 894 2133 primum
914 2057 946 2116 in
966 2065 1004 2117 εό

108 2172 155 2220 est
171 2161 384 2238 reprehensus,
403 2162 485 2235 quod
508 2180 545 2219 ex
567 2161 682 2236 praeda
705 2160 857 2236 tripodem
868 2180 1003 2220 ,aureum

110 2266 239 2342 Delphis
268 2264 423 2341 posuisset
453 2263 673 2340 epigrammate
703 2271 852 2341 inscripti)
881 2273 912 2322 in
943 2272 1004 2341 qud

108 2371 185 2427 haec
214 2381 279 2427 erat
309 2367 485 2427 sententia:
529 2375 585 2426 sud
615 2367 709 2444 ductii
740 2367 889 2428 barbards
922 2368 1004 2445 apud

110 2474 251 2531 Plataeas
274 2491 342 2530 esse
366 2470 485 2529 deletas
507 2469 634 2546 eiusque
658 2469 804 2529 victoriae
825 2477 897 2547 ergr')
913 2471 1004 2546 Apol·
1025 2491 1054 2544 15

74 2577 162 2634 4lini
193 2577 308 2636 dr‘mum
338 2573 470 2634 dedisse.
531 2575 601 2632 Hds
630 2582 736 2631 verssrs
767 2573 1005 2646 Lacedaemonii

109 2680 342 2756 exsculpserunt
372 2695 472 2751 neque
501 2675 584 2734 aliud
614 2683 803 2752 scripserunt
832 2696 924 2753 quam
954 2685 1006 2737 nd

109 2784 191 2841 mina
207 2792 311 2842 earum
327 2779 484 2840 civitatum
505 2789 632 2855 quarum
653 2779 767 2839 auxilio
786 2782 899 2840 Persae
919 2789 1006 2839 erant

109 2896 189 2947 victi.

154 3054 163 3087 1
179 3042 304 3104 magnus,
318 3039 444 3086 inlastris.
455 3066 487 3072 -
501 3050 513 3083 2
532 3036 634 3101 varius,
648 3038 802 3084 incdnstdns.
814 3036 874 3085 —8
892 3037 1005 3103 ldgetat,

109 3128 239 3190 delegerat.
248 3139 304 3188 -9
317 3123 431 3188 fugitus
443 3124 494 3186 est,
503 3124 658 3186 pro'fhgrdtus
670 3129 712 3170 est.
720 3151 753 3159 —
764 3136 793 3172 10
805 3122 911 3188 cecidit,
919 3125 1006 3186 periit.

108 3242 142 3248 —
154 3226 183 3277 15
195 3214 266 3276 ergr‘r,
280 3217 363 3269 causa,
372 3236 405 3250 -ν
418 3222 444 3271 17
459 3209 672 3272 exsculpserunt,
686 3210 840 3258 deleverunt.
