2294 3638
113 209 144 262 74
422 211 629 259 HANNIBAL.
667 225 703 259 10.

63 379 109 440 10
154 379 205 438 Sic
221 385 410 438 canservatis
425 388 490 438 suis
505 379 597 437 rebus
614 380 745 450 Poenus,
763 377 871 437 inlusis
887 378 1009 436 Creten-

113 482 199 541 sibus
228 482 380 555 omnibus,
405 482 445 541 ad
472 482 610 541 Prasiam
640 482 670 540 in
699 484 831 540 Pontum
859 481 1007 557 pervenit.

113 585 206 662 Apud
229 605 320 662 quem
342 586 452 645 eadem
470 585 573 645 anima
589 585 648 643 fuit
666 593 738 662 erga
755 572 887 656 ltaliam,
908 603 1008 660 neque

113 689 196 748 aliud
208 689 371 766 quicquam
385 688 448 766 egit
460 667 552 764 quam
567 695 669 766 regem
686 688 813 747 armavit
828 697 859 746 et
874 687 1009 746 exercuit

78 802 96 854 2
113 793 260 852 adversus
277 794 446 852 Ramanbs.
491 792 591 865 Quem
610 810 679 850 cum
695 791 813 850 videret
830 790 1008 849 domesticis
1045 804 1058 856 5

112 895 224 972 opibus
251 896 352 954 minus
378 914 448 954 esse
475 896 645 965 rabustum,
673 893 861 953 conciliabat
890 901 1008 953 ceteras

112 1006 208 1076 reges,
231 999 420 1076 adiungebat
442 998 608 1058 bellicasas
631 997 782 1057 natianes.
829 997 1009 1056 Dissidebat

49 1180 54 1185 .
113 1103 152 1160 ab
168 1110 206 1162 ea
223 1104 431 1179 Pergamenus
446 1109 500 1162 rex
517 1103 678 1174 Eumenes,
698 1104 847 1160 Ramanis
863 1101 1009 1159 amicissi-

113 1225 189 1277 mus,
202 1204 379 1280 bellumque
395 1204 475 1263 inter
490 1211 545 1263 ebs
559 1205 724 1282 gerebatur
736 1214 766 1263 et
778 1213 853 1262 mari
869 1215 900 1263 et
916 1213 1007 1275 terra3

20 1337 22 1342 ·
79 1313 174 1384 3qu6
196 1308 294 1386 magis
317 1307 461 1385 cupiebat
483 1326 553 1367 eum
577 1307 736 1367 Hannibal
759 1308 898 1384 opprimi.
949 1309 1008 1367 Sed
1030 1331 1059 1364 10

114 1413 276 1488 utrobique
298 1413 453 1472 Eumenes
475 1411 544 1489 plus
566 1411 689 1470 valebat
711 1422 836 1487 propter
857 1414 1009 1471 Ramanb-

113 1535 179 1573 rum
200 1514 399 1587 societatem;
423 1533 514 1591 quem
537 1523 563 1573 si
585 1494 775 1587 remeavisset,
791 1514 930 1575 faciliara
950 1515 1008 1573 sibi

113 1626 216 1677 cetera
237 1619 303 1677 lore
326 1617 539 1677 arbitrabatur.
587 1617 638 1676 Ad
660 1618 742 1677 hunc
764 1617 1009 1676 interficiendum

40 1782 45 1791 ,
74 1701 96 1780 ⁴4
113 1722 206 1781 talem
231 1721 299 1782 iniit
322 1721 481 1780 ratianem.
526 1721 636 1781 Classe
660 1729 767 1797 paucis
791 1720 900 1780 diebus
923 1733 1010 1781 erant

114 1825 274 1884 decraturi.
321 1825 531 1903 superabatur
554 1824 677 1885 navium
700 1823 912 1896 multitudine3
938 1825 1010 1884 dola
1031 1850 1059 1900 15

113 1938 179 1988 erat
203 1928 412 2006 pugnandum,
435 1946 504 1986 cum
528 1935 584 2005 par
607 1934 669 1987 nan
695 1937 777 1987 esset
801 1936 901 1986 armis.
953 1930 1010 1985 Im-

113 2031 232 2109 peravit
258 2049 350 2108 quam
375 2031 523 2108 plurimas
548 2037 717 2090 venenatas
743 2037 901 2107 serpentes
925 2040 1010 2090 vivas

80 2147 96 2197 5
113 2135 227 2212 conligi
245 2142 360 2211 easque
378 2138 410 2192 in
428 2139 504 2193 vasa
521 2132 630 2192 fictilia
648 2133 756 2192 conici.
803 2135 922 2193 Harum
941 2153 1009 2192 cum

114 2237 269 2299 effecisset
281 2246 423 2316 magnam
437 2235 675 2309 multitudinem,
689 2236 739 2294 die
755 2236 823 2312 ipsa
840 2246 901 2314 qua
916 2239 1011 2297 factu-

114 2361 165 2400 rus
181 2351 246 2401 erat
262 2341 371 2400 navale
386 2339 545 2418 proelium,
560 2339 734 2399 classiarias
746 2350 898 2399 convocat
913 2341 1011 2417 iisque
1030 2366 1061 2400 κο

114 2444 264 2523 praecipit
279 2451 387 2503 omnes
405 2453 438 2502 ut
456 2443 487 2527 in
507 2453 598 2502 anam
624 2443 770 2502 Eumenis
787 2443 867 2521 regis
888 2463 1011 2503 concur-

114 2559 183 2608 rant
206 2556 325 2620 navem,
342 2556 361 2607 a
377 2554 486 2607 ceteris
508 2555 628 2605 tantum
652 2546 727 2605 satis
749 2547 885 2606 habeant
907 2555 940 2607 se
963 2549 1012 2607 de-

114 2651 251 2710 fendere.
311 2650 348 2709 Id
378 2650 448 2710 illas
477 2649 569 2708 facile
599 2649 788 2726 serpentium
818 2651 1012 2710 multitudine

80 2761 345 2820 ecansecuturbs.
392 2755 459 2812 Rex
480 2761 582 2812 autem
605 2752 635 2810 in
660 2760 721 2828 qua
743 2761 821 2812 nave
841 2754 1010 2826 veheretur,

115 2869 149 2917 ut
167 2867 289 2929 scirent,
310 2864 343 2917 se
361 2857 532 2928 facturum
556 2874 646 2931 quem
665 2865 691 2914 si
712 2865 765 2914 aut
783 2856 940 2933 cepissent
961 2868 1014 2916 aut
1033 2882 1063 2932 ²5

115 2961 352 3032 interfecissent,
381 2967 493 3036 magna
523 2958 560 3017 iis
589 2958 750 3034 pollicetur
775 2959 912 3036 praemia
937 2961 1011 3019 lore.

157 3130 173 3175 4
190 3114 318 3179 armavit,
332 3114 368 3161 ud
381 3114 471 3161 bellum
492 3113 661 3160 excitavit—
671 3125 696 3159 11
711 3113 862 3178 utrobique,
876 3116 1012 3178 utrimque.

115 3227 148 3234 -
158 3212 187 3258 14
200 3198 342 3261 ratibnem,
361 3198 542 3244 camilianu-
552 3209 579 3256 17
594 3196 742 3260 serpentes,
760 3201 938 3259 anguis-22
955 3200 1015 3248 tan.

109 3283 179 3338 tvm,
194 3281 421 3326 lantummodo.-
430 3293 460 3338 24
478 3280 628 3342 veheretur,
643 3280 784 3341 navtgdret.
