2294 3638
108 206 141 258 38
394 209 627 258 Ancrnmnss.
661 210 684 267 a,
698 223 720 273 9.

75 374 174 439 seius
190 375 294 433 delicti
309 375 445 433 futurum
460 395 553 436 reum.
600 377 649 434 Ab
665 377 724 435 hoc
745 376 909 434 discedens
926 375 1004 434 Alci·
1071 453 1073 458 Ι

108 477 225 550 biades
242 478 452 552 “Quoniam''
469 479 578 555 inquit,
596 487 614 513 “
626 480 771 538 victeriae
786 479 904 555 patriae
920 488 1004 554 repir-

108 591 194 658 gnaiS,
216 581 292 640 illud
311 589 432 654 monce,
453 590 492 641 ne
516 582 599 641 iuxta
616 585 737 641 hostem
763 592 865 645 castra
888 583 1003 641 habees

110 684 252 743 nautica:
276 685 445 761 periculum
468 696 516 744 est
537 685 628 759 enim,
652 693 690 744 ne
713 685 908 744 immodestiae
930 685 1003 742 mili·

108 797 173 845 tum
189 795 360 846 vestrbrum
376 788 499 847 occesie
514 789 603 847 detur
619 789 779 867 Lysandro
795 797 890 847 vestri
906 789 1003 864 oppri·
1038 793 1051 846 5

75 895 92 967 6
109 891 213 949 mendi
225 891 407 950 exercitus’'
442 895 551 967 Neque
564 911 602 950 ea
613 899 661 950 res
673 891 758 950 illurn
769 892 888 950 fefellit.
923 895 1002 950 Nam

48 1028 50 1032 >
110 995 277 1071 Lysander,
291 1013 360 1052 cum
375 1014 430 1072 per
445 996 654 1071 speculiteres
669 1004 870 1072 comperisset
881 996 1003 1072 volgum
1080 999 1083 1005 '

110 1097 348 1156 Atheniensium
363 1098 395 1155 in
410 1108 522 1157 terram
537 1099 717 1174 praeditum
734 1107 834 1157 exisse
847 1105 1002 1175 nivesque

108 1220 208 1277 paene
237 1200 345 1260 inines
374 1201 505 1274 relictas,
536 1212 657 1277 tempus
685 1211 728 1260 rei
757 1201 911 1278 gerendae
942 1209 1003 1260 nen

109 1303 225 1363 dimisit
240 1312 339 1380 eeque
354 1304 469 1381 impetu
485 1305 597 1364 bellum
613 1312 712 1364 tetum
727 1304 849 1364 delevit.
1023 1318 1051 1354 10

70 1406 94 1468 9
152 1411 193 1467 At
223 1407 411 1481 Alcibiades,
442 1417 532 1468 victis
561 1407 805 1487 Atheniensibus
836 1416 897 1468 non
928 1409 1003 1467 satis

109 1520 175 1570 tuta
190 1513 299 1570 eadem
315 1513 383 1570 loca
399 1512 458 1570 sibi
474 1511 634 1583 arbitreris,
651 1511 775 1588 penitus
793 1511 825 1568 in
840 1512 1003 1570 Threciam

109 1622 143 1673 se
162 1623 255 1691 suprai
270 1615 491 1691 Propontidem
507 1615 635 1688 abdidit,
653 1623 780 1691 sperans
798 1615 841 1673 ibi
858 1615 1003 1674 facillime

75 1728 92 1777 2
109 1737 196 1776 suam
206 1719 362 1777 fertunam
374 1719 473 1776 occuli
485 1737 586 1794 posse.
626 1719 726 1777 False.
765 1721 845 1776 Nam
855 1719 1001 1790 Thraces

109 1831 274 1898 postquam
296 1841 364 1880 eum
389 1841 457 1880 cum
478 1830 589 1898 migne
609 1821 741 1897 pecunie
758 1820 881 1880 venisse
902 1829 1051 1882 sense-15

109 1935 188 1997 runt,
216 1924 344 1984 insidiiis
370 1924 534 1983 fecerunt:
570 1933 623 2000 qui
649 1943 686 1982 ea
711 1943 790 2000 quae
816 1932 1000 2000 apporterat,

75 2028 310 2100 3abstulerunt,
341 2028 441 2104 ipsum
471 2047 581 2104 capere
610 2035 672 2087 nen
702 2034 877 2103 potuerunt.
947 2028 1002 2085 Ille

109 2139 239 2190 cernens
261 2131 377 2189 nullum
399 2131 500 2189 locum
520 2130 580 2190 sibi
600 2141 698 2190 tutum
719 2130 749 2188 in
766 2130 898 2190 Graeciae
916 2150 1003 2207 prop-

109 2245 156 2294 ter
177 2233 347 2311 potentiam
370 2234 684 2293 Lacedaemonibrum
707 2235 747 2292 ad
770 2234 1002 2292 Pharnabazum

109 2338 141 2396 in
167 2337 274 2396 Asiam
300 2337 442 2396 transiit:
472 2356 564 2413 quem
589 2336 714 2412 quidem
740 2338 819 2395 adef>
841 2345 897 2395 sue
922 2337 1003 2413 cepit
1021 2353 1051 2388 20

109 2440 298 2499 humanitate
325 2450 358 2498 ut
380 2459 450 2499 eum
472 2447 563 2498 neme
585 2439 617 2498 in
640 2439 773 2498 amicitiai
796 2440 1001 2498 antecederet.

110 2547 252 2620 Namque
274 2553 303 2602 ei
325 2544 474 2622 Grynium
495 2544 633 2616 dederat,
650 2544 682 2601 in
705 2542 837 2621 Phrygii
859 2552 1001 2614 castrum,

109 2668 147 2706 ex
175 2656 237 2723 que
266 2655 482 2724 quinquagena
514 2648 630 2705 talenta
659 2645 818 2723 vectigalis
851 2645 1001 2722 capiebat.

74 2752 179 2826 4Quzi
200 2753 324 2810 fertune
343 2750 520 2809 Alcibiades
544 2757 606 2809 ndn
629 2759 694 2809 erat
716 2758 881 2808 contentus
903 2768 1002 2825 neque

110 2855 249 2913 Athenas
265 2864 362 2913 victas
380 2853 634 2927 Lacedaemoniis
655 2863 768 2912 servire
788 2862 909 2929 poterat
929 2861 1001 2929 pati.
1022 2873 1051 2925 ²5

110 2961 220 3034 Itaque
236 2958 275 3016 ad
291 2957 420 3034 patriam
439 2957 630 3015 liberandam
649 2965 732 3015 omni
750 2956 907 3015 ferebetur
925 2955 1003 3033 cogi·

152 3135 165 3186 5
186 3120 298 3185 occisio,
316 3122 523 3184 facunda—10
544 3119 654 3179 delevit,
667 3121 703 3167 ad
718 3121 810 3183 finem
825 3121 1004 3181 pudescit.—

111 3220 140 3269 13
159 3210 249 3269 supra,
258 3212 409 3266 praetcr.—
421 3219 449 3263 14
467 3203 560 3267 occuli,
574 3205 660 3250 celdrr'.
669 3230 702 3237 —
713 3216 744 3250 20
758 3202 840 3266 cepit,
853 3203 1003 3250 concilidm't.

110 3303 178 3348 —24
196 3289 315 3352 tinini,
320 3288 453 3352 felicitdte.
463 3315 495 3322 -
505 3301 517 3332 2
522 3299 535 3350 5
552 3286 622 3349 pati,
631 3286 754 3350 perferre.
