2294 3638
370 181 665 230 rusursrocnas.
702 195 724 243 7,
736 181 760 229 8.
983 179 1013 232 15

117 348 217 406 tendit
230 348 310 406 falsa
326 348 362 407 iis
378 367 447 407 esse
464 349 583 407 delata:
606 357 699 425 quare
715 368 846 425 aequum
862 368 931 408 esse
943 349 1011 409 illds

116 451 198 510 virds
220 452 320 511 bonds
340 452 523 528 nobilesque
546 451 665 511 mittere
688 452 800 529 quibus
822 453 900 512 fides
921 454 1012 512 habe·

115 562 206 627 retur,
232 565 284 631 qui
317 574 380 614 rem
413 555 623 631 expldrarent:
661 555 779 615 interea
809 564 841 615 se
871 557 1011 616 obsidem

80 665 98 714 3
114 658 290 718 retinerent.
336 659 451 718 Gestus
467 668 515 717 est
530 667 558 717 ei
574 667 649 731 mos,
663 667 787 735 tresque
807 660 899 737 legati
914 661 1011 718 functi

115 771 242 819 summis
266 762 434 840 homitibus
459 763 599 821 Athenas
625 771 712 821 missi
736 772 816 822 sunt.
862 765 940 822 Cum
963 765 1010 822 his
1048 779 1060 829 5

114 866 260 942 conlegas
285 873 357 924 subs
379 865 605 924 Themistocles
629 865 717 924 iussit
739 867 891 942 proficisci
912 866 1010 943 iisque

62 985 71 994 ·
114 968 265 1044 praed-ixit
295 978 327 1027 ut
357 975 396 1026 ne
429 968 512 1044 prius
543 969 860 1029 Lacedaemonidrum
893 971 1009 1046 legatus
1094 983 1097 989 ’

80 1071 303 1130 4dimitterent
326 1091 417 1148 quam
440 1071 506 1147 ipse
529 1081 613 1131 esset
635 1083 790 1132 remissus.
837 1075 905 1132 Hds
929 1084 1010 1149 post-

114 1193 205 1250 quam
225 1175 365 1246 Athenas
386 1175 564 1251 pervenisse
585 1185 670 1234 ratus
686 1186 742 1245 est,
760 1177 799 1234 ad
814 1177 1009 1253 magistratus

113 1286 316 1355 senatumque
343 1279 659 1339 Lacedaemoniorum
689 1280 765 1338 adiit
791 1289 822 1338 et
847 1281 929 1356 apud
955 1288 1009 1338 eds
1031 1302 1059 1336 10

113 1381 265 1441 liberrime
287 1382 446 1458 professus
469 1391 533 1441 est:
560 1382 768 1442 Athenienses
790 1391 847 1441 sud
869 1383 1007 1454 mansilis),

113 1485 197 1560 quod
219 1493 374 1543 communi
398 1484 624 1563 iuregentium
647 1486 749 1545 facere
773 1496 909 1562 possent,
934 1487 1009 1546 debs

112 1588 252 1664 publicds
268 1596 403 1664 subsque
418 1588 534 1665 patrius
550 1597 587 1647 ac
602 1597 740 1664 penates
758 1597 819 1665 qud
833 1589 954 1648 facilius
970 1590 1008 1648 ab

112 1691 201 1750 hoste
219 1701 348 1768 possent
370 1692 547 1763 defendere,
565 1701 658 1750 muris
681 1693 844 1769 saepsisse,
862 1712 961 1768 neque
978 1693 1009 1750 in

78 1797 94 1846 5
111 1799 149 1853 εἴ)
165 1795 249 1871 quod
265 1794 371 1853 inutile
387 1803 469 1853 esset
485 1794 635 1854 Graeciae
651 1795 772 1854 fecisse.
794 1798 873 1853 Nam
889 1796 1009 1855 illorum
1030 1816 1059 1868 15

112 1899 219 1956 urbem
234 1907 267 1956 ut
282 1899 547 1975 prripugnaculum
569 1898 746 1974 oppositum
768 1917 836 1956 esse
859 1900 1006 1970 barbaris,

112 2001 194 2077 apud
218 2021 310 2078 quam
333 2001 464 2060 iambis
487 1986 603 2060 classes
629 2001 728 2077 regias
754 2001 866 2060 fecisse
891 2004 1008 2060 naufra-

77 2113 94 2160 6
110 2104 203 2180 gium.
228 2104 493 2164 Lacedaemonids
510 2113 613 2163 autem
628 2105 707 2163 male
723 2115 753 2163 et
769 2105 880 2163 iniuste
896 2105 1006 2176 facere,

112 2217 163 2283 qui
179 2207 210 2266 id
223 2207 326 2284 potius
342 2208 541 2278 intuerentur,
555 2208 638 2283 quod
654 2207 788 2284 ipsdrum
805 2208 1008 2268 dominatidni

111 2329 202 2387 quam
220 2312 303 2388 quod
319 2311 479 2369 universae
495 2310 644 2370 Graeciae
665 2310 737 2369 utile
758 2321 849 2370 esset.
894 2312 1006 2385 Quare,
1028 2335 1058 2368 20

111 2424 138 2472 si
153 2422 226 2473 suds
242 2415 361 2491 legatas
377 2414 513 2490 recipere
530 2414 652 2486 vellent,
670 2421 748 2489 quds
765 2414 905 2473 Athenas
921 2425 1008 2473 mise-

111 2527 188 2589 rant,
213 2524 245 2576 se
270 2517 470 2588 remitterent,
494 2537 556 2575 cum
583 2517 670 2576 aliter
693 2517 762 2575 illus
787 2536 953 2594 numquam
977 2519 1007 2575 in
1040 2588 1043 2592 ι

110 2620 240 2697 patriam
256 2630 361 2679 essent
377 2630 537 2696 recepturi.
772 2614 775 2618 ’

72 2728 96 2788 8
153 2725 272 2783 Tamen
306 2731 368 2783 nun
402 2723 508 2800 effugit
541 2723 653 2781 civium
689 2731 813 2782 sudru'm
851 2724 1005 2783 invidiam.

111 2830 254 2904 Namque
278 2827 318 2886 ob
343 2827 475 2885 eundem
502 2826 640 2885 timorem
666 2834 727 2902 qus)
753 2828 917 2886 damnatus
944 2838 1008 2887 erat
1027 2848 1057 2899 25

112 2930 279 3001 Miltiades,
304 2931 484 2988 testularum
515 2929 667 3006 suffragiis
694 2937 713 2988 e·
736 2930 861 2989 civitate
891 2931 1007 2989 eiectus

155 3098 164 3131 1
182 3097 242 3135 esse
256 3084 358 3155 delita,
373 3099 423 3130 esse
439 3084 567 3130 nzintidtu.
578 3095 632 3143 —7
649 3083 794 3147 praedixit,
804 3085 939 3146 praecipit.
949 3098 1007 3146 -9

111 3168 187 3218 ratus
204 3167 257 3231 est,
275 3167 418 3214 arbitratus
435 3172 476 3213 est.
486 3194 520 3200 -
535 3179 559 3212 11
581 3163 719 3229 professus
736 3173 787 3230 est,
806 3168 880 3213 verba
896 3168 1013 3230 fecit.-

112 3263 126 3296 2
129 3262 142 3314 5
154 3251 197 3314 ob,
206 3255 319 3312 propter.
