2294 3638
115 214 146 265 14
366 219 662 268 runmrsrocrns.
698 218 720 277 6,
734 232 756 281 7·

114 384 235 443 duribus
257 385 401 458 victrinis,
423 387 620 446 Marathonii
643 396 674 446 et
698 387 873 460 Salaminii,
890 396 1006 447 tantam

112 486 241 565 gloriam
257 488 338 564 apud
354 497 461 549 omnes
476 497 585 567 gentes
600 499 689 549 erant
700 498 859 550 consecuti
874 500 907 550 ut
922 490 1007 551 intel-

113 591 249 668 legerent
272 592 510 651 Lacedaemonii
534 593 573 652 de
596 593 771 670 principatu
796 593 855 653 sibi
878 613 947 652 cum
969 595 1006 654 iis

78 798 265 858 4volebant.
312 801 480 877 Postquam
503 810 605 860 autem
625 800 788 860 audierunt
803 808 905 861 muros
921 810 1004 874 strui,
1042 815 1056 867 5

110 901 230 979 legetes
245 886 386 962 Athenis
402 911 558 976 miserunt,
576 913 629 981 qui
643 904 675 964 id
690 906 756 964 fieri
771 913 920 965 veterent.
945 907 1006 965 His

110 1005 325 1081 praesentibus
341 1006 498 1065 desierunt
510 1015 546 1066 ic
558 1015 591 1067 se
608 1009 646 1067 de
662 1016 698 1067 ea
714 1016 745 1067 re
761 1009 880 1085 legates
896 1009 1005 1068 aderis

76 1116 92 1164 5
110 1117 257 1168 missuros
273 1109 423 1169 dixerunt.
465 1111 558 1170 Hanc
574 1111 759 1189 legationem
775 1111 911 1188 suscepit
927 1113 1005 1171 The-

110 1212 266 1273 mistocles
279 1221 309 1272 et
322 1214 406 1274 selus
421 1222 519 1290 prime
534 1215 692 1291 proiectus
707 1226 772 1275 est:
788 1215 898 1292 reliqui
912 1216 1005 1293 legeti

109 1324 142 1373 ut
157 1324 222 1374 tum
236 1325 355 1376 exirent
370 1335 438 1376 cum
454 1318 530 1377 satis
552 1318 606 1377 alti
627 1319 744 1379 tuende
762 1328 838 1378 muri
858 1328 1004 1379 exstructi
1024 1339 1053 1374 ιο

109 1418 293 1493 viderentur,
317 1420 491 1497 praecepit:
518 1421 639 1480 interim
666 1429 782 1494 omnes,
806 1431 886 1481 servi
911 1433 1002 1498 atque

108 1522 205 1595 liberi,
222 1543 300 1600 opus
322 1525 461 1584 facerent
483 1544 583 1602 neque
601 1525 654 1584 irlli
669 1525 738 1585 locri
752 1535 921 1602 parcerent,
939 1535 1002 1585 sive

109 1645 196 1686 sacer
210 1638 271 1686 sive
277 1628 437 1704 profereus,
451 1619 515 1687 sive
527 1637 664 1704 privetus
677 1638 760 1688 esset
771 1637 835 1688 sive
851 1629 1000 1705 publicus

108 1741 139 1789 et
154 1730 299 1808 undique,
316 1732 401 1808 quod
416 1731 560 1791 ideneum
576 1734 616 1791 ad
632 1726 830 1792 muniendum
848 1742 1001 1809 puterent,

108 1844 317 1912 congererent.
345 1835 416 1909 Quo
431 1835 546 1894 iactum
563 1845 610 1895 est
625 1846 659 1895 ut
673 1835 911 1896 Atheniensium
926 1845 1002 1896 mirri
1021 1853 1051 1905 15

108 1956 145 1996 ex
160 1938 281 1997 sacellis
297 1938 508 2015 sepulcrisque
523 1947 710 1999 neusterent.

71 2037 92 2096 '7
149 2041 375 2102 Themistocles
408 2052 519 2111 autem,
547 2052 581 2101 ut
614 2044 879 2102 Lacedaemonem
909 2043 1000 2117 venit,

107 2147 192 2204 adire
204 2146 243 2203 ad
256 2145 454 2223 magistretirs
469 2146 568 2206 neluit
579 2156 610 2205 et
622 2147 708 2206 dedit
720 2166 845 2223 operam
860 2156 894 2206 ut
909 2166 1001 2224 quam

107 2248 284 2326 longissime
307 2260 429 2326 tempus
451 2249 585 2323 duceret,
603 2269 727 2309 causam
749 2250 949 2327 interpenens
968 2257 1001 2310 se

73 2353 252 2429 2conlegas
283 2362 471 2429 exspectare.
517 2355 596 2412 Cum
629 2353 868 2412 Lacedaemonii
897 2372 1001 2430 quere
1019 2369 1050 2404 20

107 2465 212 2515 rentur
240 2475 319 2532 opus
348 2455 445 2515 nihile
474 2455 575 2515 minus
601 2457 665 2515 fieri
691 2476 822 2533 eumque
848 2456 879 2514 in
906 2465 942 2516 ee
969 2463 1000 2515 re

107 2567 211 2619 coniri
226 2559 341 2632 fallere,
359 2559 479 2618 interim
495 2559 604 2636 reliqui
624 2560 717 2637 legati
739 2569 811 2618 sunt
833 2567 999 2619 censecuti.

106 2655 134 2722 Ᾰ
146 2663 258 2740 quibus
274 2665 498 2722 cum'audisset
510 2671 572 2723 non
585 2664 712 2722 multum
729 2682 891 2740 superesse
907 2671 1001 2723 mimi·

106 2767 208 2840 tionis,
221 2769 260 2826 ad
276 2768 408 2843 ephores
422 2767 737 2826 Lacedaemonierum
753 2767 892 2838 accessit,
904 2785 1001 2843 penes

106 2879 185 2947 ques
207 2889 360 2930 summum
382 2879 447 2928 erat
470 2869 637 2946 imperium,
655 2879 747 2946 atque
763 2870 846 2946 apud
861 2877 915 2929 ees
931 2888 1001 2929 con·
1018 2881 1048 2933 ²5

140 3058 152 3106 7
167 3044 313 3107 desierunt,
323 3045 585 3106 intermiserunt—9
597 3043 704 3107 reliqui,
714 3048 872 3092 celeri-10
885 3043 999 3107 exirent,

100 3128 331 3191 prqicIscerentur.
341 3155 374 3162 -
386 3141 415 3186 14
428 3125 609 3183 muniendum,
623 3128 720 3173 moenia
732 3128 861 3174 struenda.
870 3154 905 3162 -
914 3140 941 3188 17
958 3129 999 3190 ut,

101 3218 244 3275 postquam.
254 3239 287 3246 -
298 3223 327 3256 22
341 3210 405 3259 sunt
421 3209 565 3274 edneeci'lti,
574 3213 754 3271 pervenerunt.
764 3238 798 3245 -
808 3221 838 3275 25
851 3209 998 3274 contendit,

104 3296 232 3357 (ffirmnt.
