2294 3638
120 225 155 274 40
391 225 624 274 ALCIBIADES.
662 239 752 284 10,11.

95 470 96 473 Ἴ
122 411 225 451 casam
241 392 273 449 in
292 401 353 467 qua
376 392 564 467 quiescebat,
582 411 711 467 eamque
734 393 969 467 succenderunt,
985 404 1017 453 ut

122 495 267 554 incendia
297 495 484 554 canficerent
517 514 609 570 quem
638 505 731 554 mana
760 505 898 572 superari
926 517 1017 574 posse

88 606 104 655 5
121 598 314 657 diffidebant.
360 587 416 656 Ille
433 607 535 656 autem
551 607 585 656 ut
602 598 704 665 sonitu
721 598 863 658 flammae
879 610 926 659 est
942 601 1017 659 exci-

121 709 213 772 tatuS,
231 709 299 775 etsi¹
311 701 432 778 gladius
455 709 483 759 ei
505 709 571 758 erat
592 701 772 774 subductus,
787 702 949 761 familiaris
971 713 1017 762 sui

122 804 263 863 subalare
279 803 372 862 talum
389 803 508 879 eripuit.
556 806 697 880 Namque
720 814 785 862 erat
808 823 876 863 cum
898 813 936 865 ea
956 815 1018 882 qui·
1052 823 1063 874 5

122 907 191 966 dam
219 927 256 965 ex
279 906 412 965 Arcadia
438 906 561 983 hospes,
587 916 640 982 qui
665 926 831 983 numquam
858 908 1017 969 discedere

121 1011 267 1069 voluerat.
283 1016 286 1021 ’
314 1011 409 1068 Hunc
424 1019 512 1085 sequi
530 1017 563 1068 se
582 1009 667 1069 iubet
687 1020 718 1069 et
737 1010 768 1069 id
790 1013 872 1086 quod
888 1011 918 1070 in
935 1032 1018 1089 prae-

121 1113 221 1172 sentia
238 1120 490 1173 vestimentarum
515 1113 574 1171 fuit
599 1113 718 1190 adripit.
775 1116 835 1173 His
860 1115 892 1172 in
917 1125 1018 1192 ignem

87 1217 269 1275 6coniectis
292 1217 432 1275 flammae
454 1216 516 1275 vim
537 1216 668 1276 transiit.
717 1216 817 1291 Quem
841 1227 874 1276 ut
896 1219 1018 1277 barbari

122 1320 298 1379 incendium
325 1319 471 1397 effugisse
499 1321 649 1392 viderunt,
675 1320 744 1379 telis
771 1321 890 1380 eminus
915 1332 1017 1381 missis
1038 1347 1064 1381 ιο

122 1424 342 1483 interfecerunt
360 1432 513 1499 caputque
532 1423 656 1482 eiusad
675 1424 907 1483 Pharnabazum
928 1435 1018 1485 rettu-

122 1528 230 1586 lerunt.
276 1530 318 1585 At
340 1526 456 1598 mulier,
475 1546 554 1601 quae
574 1545 642 1584 cum
664 1534 702 1585 ea
720 1535 822 1585 vivere
843 1534 1015 1602 «insuerat,

122 1631 262 1688 muliebri
280 1638 335 1688 sua
351 1638 437 1688 veste
455 1637 630 1688 contactum
646 1628 767 1688 aedifici
782 1629 927 1690 incendia
943 1650 1017 1690 mor-

122 1743 208 1791 tuum
229 1731 382 1805 cremavit,
405 1732 489 1807 quod
512 1732 552 1791 ad
574 1742 676 1791 vivum
698 1731 933 1792 interimendum
954 1744 1018 1794 erat

122 1844 339 1912 comparatum.
390 1836 439 1894 Sic
462 1834 641 1893 Alcibiades
670 1841 769 1893 annas
799 1834 919 1894 circiter
947 1855 1017 1912 qua·
1037 1860 1063 1912 ¹5

122 1939 264 2016 draginta
279 1948 371 1997 natus
387 1938 469 1997 diem
484 1937 561 1997 obiit
576 1945 759 2013 supremum.

71 2045 117 2103 11
162 2044 257 2101 Hunc
277 2043 458 2101 infamatum
475 2051 493 2100 a
509 2042 663 2118 plerisque
689 2048 751 2100 tres
773 2041 949 2118 gravissimi
974 2044 1017 2100 hi-

122 2146 227 2205 storici
237 2154 364 2205 summis
375 2145 519 2203 laudibus
532 2145 724 2203 extulerunt:
743 2144 950 2221 Thucydides,
965 2144 1016 2221 qui

122 2249 259 2308 eiusdem
282 2248 393 2307 aetatis
416 2248 483 2320 iuit,
509 2247 738 2323 Theopompus
764 2256 835 2327 post
859 2247 1017 2324 aliquanta

122 2362 223 2425 natus,
234 2362 265 2410 et
277 2351 423 2410 Timaeus
436 2375 441 2409 :
463 2359 516 2426 qui
528 2350 652 2426 quidem
662 2351 724 2408 duo
734 2349 1016 2410 maledicentissimi
1035 2376 1064 2409 20

122 2455 227 2514 nescia
243 2463 305 2530 qua
320 2455 414 2514 moda
431 2454 461 2511 in
482 2453 535 2512 illa
553 2460 615 2512 una
632 2452 789 2512 laudanda
807 2454 1014 2514 cansentiunt.

87 2573 104 2623 2
122 2561 264 2633 Namque
282 2577 319 2616 ea
341 2577 420 2632 quae
438 2565 530 2632 supra
554 2555 741 2632 scripsimus,
754 2556 793 2614 de
809 2564 847 2615 ea
861 2558 1016 2633 praedica-

87 2665 104 2714 3
121 2672 193 2720 runt
215 2671 307 2736 atque
330 2662 390 2720 hac
413 2659 563 2736 amplius:
586 2679 655 2717 cum
674 2660 815 2732 Athenis,
834 2659 1015 2735 splendidis-

122 2766 198 2824 sima
228 2764 359 2835 civitate,
391 2772 482 2822 natus
519 2772 610 2835 esset,
642 2769 748 2821 omnes
782 2763 947 2838 splendare
979 2773 1016 2823 ac

122 2868 272 2945 dignitate
288 2876 451 2943 superasse
467 2875 568 2937 vitae3
589 2875 752 2941 postquam
775 2865 847 2924 inde
870 2867 1015 2942 expulsus
1034 2887 1062 2939 ²5

121 2972 246 3030 Thebas
272 2970 398 3041 venerit,
423 2970 501 3027 adea
525 2968 634 3026 studiis
660 2975 765 3026 earum
789 2977 954 3030 inservisse
983 2980 1015 3029 ut
1067 3009 1072 3017 ·

165 3146 193 3178 12
218 3131 367 3193 cansufirat,
386 3130 565 3191 solidat-13
588 3130 674 3191 veste,
693 3129 888 3189 anzt'cula—17
916 3130 1016 3193 gravis·

120 3215 195 3278 simi,
208 3215 400 3261 mamma—21
419 3211 599 3273 consentiunt,
613 3210 843 3271 campanae-26
859 3211 1014 3277 inservisse,

118 3303 145 3345 si
155 3298 255 3345 dedisse.
