<?xml version="1.0" encoding="UTF-8"?>
<!DOCTYPE html PUBLIC "-//W3C//DTD XHTML 1.0 Transitional//EN"
    "http://www.w3.org/TR/xhtml1/DTD/xhtml1-transitional.dtd">
<html xmlns="http://www.w3.org/1999/xhtml" xml:lang="en" lang="en">
 <head>
  <title>
</title>
<meta http-equiv="Content-Type" content="text/html;charset=utf-8" />
  <meta name='ocr-system' content='tesseract 3.04.00' />
  <meta name='ocr-capabilities' content='ocr_page ocr_carea ocr_par ocr_line ocrx_word'/>
</head>
<body>
  <div class='ocr_page' id='page_1' title='image "./selectedlivesfr00robegoog_0062.png"; bbox 0 0 2294 3638; ppageno 0'>
   <div class='ocr_carea' id='block_1_1' title="bbox 389 181 1003 243">
    <p class='ocr_par' dir='ltr' id='par_1_1' title="bbox 389 181 1003 243">
     <span class='ocr_line' id='line_1_1' title="bbox 389 181 1003 243; baseline 0.003 -13"><span class='ocrx_word' id='word_1_1' title='bbox 389 183 623 231; x_wconf 86' lang='lat' dir='ltr'><strong>ALCIBIADES.</strong></span> <span class='ocrx_word' id='word_1_2' title='bbox 659 195 681 243; x_wconf 90' lang='lat'>7,</span> <span class='ocrx_word' id='word_1_3' title='bbox 694 181 716 230; x_wconf 89' lang='lat'>8.</span> <span class='ocrx_word' id='word_1_4' title='bbox 970 181 1003 232; x_wconf 85' lang='lat'>37</span> 
     </span>
    </p>
   </div>
   <div class='ocr_carea' id='block_1_2' title="bbox 59 349 1057 2908">
    <p class='ocr_par' dir='ltr' id='par_1_2' title="bbox 103 349 1003 428">
     <span class='ocr_line' id='line_1_2' title="bbox 103 349 1003 428; baseline -0.002 -18"><span class='ocrx_word' id='word_1_5' title='bbox 103 351 183 410; x_wconf 92' lang='lat' dir='ltr'>ciam</span> <span class='ocrx_word' id='word_1_6' title='bbox 198 351 324 423; x_wconf 88' lang='lat' dir='ltr'>introiit,</span> <span class='ocrx_word' id='word_1_7' title='bbox 337 350 502 428; x_wconf 77' lang='lat' dir='ltr'>gleriesius</span> <span class='ocrx_word' id='word_1_8' title='bbox 518 350 697 408; x_wconf 76' lang='lat' dir='ltr'>existimeris</span> <span class='ocrx_word' id='word_1_9' title='bbox 708 349 906 408; x_wconf 77' lang='lat' dir='ltr'>barbarerum</span> <span class='ocrx_word' id='word_1_10' title='bbox 919 368 1003 425; x_wconf 93' lang='lat' dir='ltr'>prae-</span> 
     </span>
    </p>

    <p class='ocr_par' dir='ltr' id='par_1_3' title="bbox 66 453 1003 743">
     <span class='ocr_line' id='line_1_3' title="bbox 66 453 1003 530; baseline 0 -18"><span class='ocrx_word' id='word_1_11' title='bbox 66 464 83 512; x_wconf 90' lang='lat'>5</span> <span class='ocrx_word' id='word_1_12' title='bbox 103 455 144 513; x_wconf 76' lang='lat' dir='ltr'>da</span> <span class='ocrx_word' id='word_1_13' title='bbox 159 454 340 530; x_wconf 63' lang='lat' dir='ltr'>locupletari</span> <span class='ocrx_word' id='word_1_14' title='bbox 356 472 449 530; x_wconf 90' lang='lat' dir='ltr'>quam</span> <span class='ocrx_word' id='word_1_15' title='bbox 464 453 635 512; x_wconf 77' lang='lat' dir='ltr'>Greierum.</span> <span class='ocrx_word' id='word_1_16' title='bbox 681 453 752 525; x_wconf 76' lang='lat' dir='ltr'>Que</span> <span class='ocrx_word' id='word_1_17' title='bbox 767 471 804 510; x_wconf 88' lang='lat' dir='ltr'>ex</span> <span class='ocrx_word' id='word_1_18' title='bbox 819 460 851 511; x_wconf 89' lang='lat' dir='ltr'>re</span> <span class='ocrx_word' id='word_1_19' title='bbox 866 459 1003 512; x_wconf 89' lang='lat' dir='ltr'>creverat</span> 
     </span>
     <span class='ocr_line' id='line_1_4' title="bbox 103 555 1002 634; baseline -0.002 -18"><span class='ocrx_word' id='word_1_20' title='bbox 103 577 173 616; x_wconf 93' lang='lat' dir='ltr'>curn</span> <span class='ocrx_word' id='word_1_21' title='bbox 195 559 364 616; x_wconf 72' lang='lat' dir='ltr'>temetum</span> <span class='ocrx_word' id='word_1_22' title='bbox 386 557 506 634; x_wconf 91' lang='lat' dir='ltr'>opibus,</span> <span class='ocrx_word' id='word_1_23' title='bbox 523 566 729 633; x_wconf 61' lang='lat' dir='ltr'>magnamque</span> <span class='ocrx_word' id='word_1_24' title='bbox 753 555 919 614; x_wconf 88' lang='lat' dir='ltr'>amicitiam</span> <span class='ocrx_word' id='word_1_25' title='bbox 943 556 1002 616; x_wconf 89' lang='lat' dir='ltr'>sibi</span> 
     </span>
     <span class='ocr_line' id='line_1_5' title="bbox 103 660 868 743; baseline -0.001 -24"><span class='ocrx_word' id='word_1_26' title='bbox 103 660 375 743; x_wconf 24' lang='lat' dir='ltr'>cum-quibusdam</span> <span class='ocrx_word' id='word_1_27' title='bbox 391 660 514 737; x_wconf 87' lang='lat' dir='ltr'>regibus</span> <span class='ocrx_word' id='word_1_28' title='bbox 530 660 682 718; x_wconf 74' lang='lat' dir='ltr'>Threciae</span> <span class='ocrx_word' id='word_1_29' title='bbox 698 669 868 736; x_wconf 85' lang='lat' dir='ltr'>pepererat.</span> 
     </span>
    </p>

    <p class='ocr_par' dir='ltr' id='par_1_4' title="bbox 59 762 1057 1457">
     <span class='ocr_line' id='line_1_6' title="bbox 59 762 1051 840; baseline -0.001 -18"><span class='ocrx_word' id='word_1_30' title='bbox 59 769 83 828; x_wconf 89' lang='lat'>8</span> <span class='ocrx_word' id='word_1_31' title='bbox 147 767 177 822; x_wconf 94' lang='lat' dir='ltr'>N</span> <span class='ocrx_word' id='word_1_32' title='bbox 180 783 259 840; x_wconf 90' lang='lat' dir='ltr'>eque</span> <span class='ocrx_word' id='word_1_33' title='bbox 273 774 377 823; x_wconf 90' lang='lat' dir='ltr'>tamen</span> <span class='ocrx_word' id='word_1_34' title='bbox 395 772 414 822; x_wconf 77' lang='grc' dir='ltr'>ᾶ</span> <span class='ocrx_word' id='word_1_35' title='bbox 436 763 564 822; x_wconf 64' lang='lat' dir='ltr'>caritate</span> <span class='ocrx_word' id='word_1_36' title='bbox 587 762 704 840; x_wconf 84' lang='lat' dir='ltr'>patriae</span> <span class='ocrx_word' id='word_1_37' title='bbox 726 762 827 839; x_wconf 93' lang='lat' dir='ltr'>potuit</span> <span class='ocrx_word' id='word_1_38' title='bbox 848 763 999 821; x_wconf 79' lang='lat' dir='ltr'>recedere.</span> <span class='ocrx_word' id='word_1_39' title='bbox 1038 778 1051 831; x_wconf 84' lang='lat'><strong>5</strong></span> 
     </span>
     <span class='ocr_line' id='line_1_7' title="bbox 104 865 1002 943; baseline 0 -19"><span class='ocrx_word' id='word_1_40' title='bbox 104 869 185 925; x_wconf 91' lang='lat' dir='ltr'>Nam</span> <span class='ocrx_word' id='word_1_41' title='bbox 207 886 277 925; x_wconf 91' lang='lat' dir='ltr'>curn</span> <span class='ocrx_word' id='word_1_42' title='bbox 303 867 386 943; x_wconf 87' lang='lat' dir='ltr'>apud</span> <span class='ocrx_word' id='word_1_43' title='bbox 413 869 517 943; x_wconf 87' lang='lat' dir='ltr'>Aegos</span> <span class='ocrx_word' id='word_1_44' title='bbox 547 866 660 924; x_wconf 79' lang='lat' dir='ltr'>flumen</span> <span class='ocrx_word' id='word_1_45' title='bbox 692 865 852 937; x_wconf 63' lang='lat' dir='ltr'>Philocles</span> <span class='ocrx_word' id='word_1_46' title='bbox 879 875 1002 941; x_wconf 91' lang='lat' dir='ltr'>praetor</span> 
     </span>
     <span class='ocr_line' id='line_1_8' title="bbox 103 968 1000 1044; baseline 0 -17"><span class='ocrx_word' id='word_1_47' title='bbox 103 969 347 1041; x_wconf 75' lang='lat' dir='ltr'>Atheniensium,</span> <span class='ocrx_word' id='word_1_48' title='bbox 379 970 511 1028; x_wconf 88' lang='lat' dir='ltr'>classem</span> <span class='ocrx_word' id='word_1_49' title='bbox 542 968 755 1028; x_wconf 77' lang='lat' dir='ltr'>censtituisset</span> <span class='ocrx_word' id='word_1_50' title='bbox 784 987 871 1026; x_wconf 91' lang='lat' dir='ltr'>suam</span> <span class='ocrx_word' id='word_1_51' title='bbox 900 987 1000 1044; x_wconf 86' lang='lat' dir='ltr'>neque</span> 
     </span>
     <span class='ocr_line' id='line_1_9' title="bbox 103 1071 1057 1150; baseline -0.001 -20"><span class='ocrx_word' id='word_1_52' title='bbox 103 1072 195 1150; x_wconf 87' lang='lat' dir='ltr'>longe</span> <span class='ocrx_word' id='word_1_53' title='bbox 210 1074 334 1131; x_wconf 92' lang='lat' dir='ltr'>abesset</span> <span class='ocrx_word' id='word_1_54' title='bbox 350 1073 518 1150; x_wconf 66' lang='lat' dir='ltr'>Lysander,</span> <span class='ocrx_word' id='word_1_55' title='bbox 536 1082 659 1148; x_wconf 91' lang='lat' dir='ltr'>praetor</span> <span class='ocrx_word' id='word_1_56' title='bbox 674 1071 999 1145; x_wconf 77' lang='lat' dir='ltr'>Lacedaemonierum,</span> <span class='ocrx_word' id='word_1_57' title='bbox 1053 1106 1057 1113; x_wconf 51' lang='grc' dir='ltr'><em>ι</em></span> 
     </span>
     <span class='ocr_line' id='line_1_10' title="bbox 103 1174 1000 1252; baseline 0.002 -20"><span class='ocrx_word' id='word_1_58' title='bbox 103 1184 155 1251; x_wconf 88' lang='lat' dir='ltr'>qui</span> <span class='ocrx_word' id='word_1_59' title='bbox 171 1174 202 1232; x_wconf 92' lang='lat' dir='ltr'>in</span> <span class='ocrx_word' id='word_1_60' title='bbox 218 1182 256 1234; x_wconf 79' lang='lat' dir='ltr'>ee</span> <span class='ocrx_word' id='word_1_61' title='bbox 271 1185 336 1234; x_wconf 83' lang='lat' dir='ltr'>erat</span> <span class='ocrx_word' id='word_1_62' title='bbox 351 1183 521 1252; x_wconf 62' lang='lat' dir='ltr'>occupatus</span> <span class='ocrx_word' id='word_1_63' title='bbox 537 1184 569 1233; x_wconf 93' lang='lat' dir='ltr'>ut</span> <span class='ocrx_word' id='word_1_64' title='bbox 585 1175 699 1233; x_wconf 91' lang='lat' dir='ltr'>bellum</span> <span class='ocrx_word' id='word_1_65' title='bbox 716 1193 807 1251; x_wconf 91' lang='lat' dir='ltr'>quam</span> <span class='ocrx_word' id='word_1_66' title='bbox 828 1174 1000 1234; x_wconf 79' lang='lat' dir='ltr'>diutissime</span> 
     </span>
     <span class='ocr_line' id='line_1_11' title="bbox 102 1277 1051 1355; baseline -0.004 -19"><span class='ocrx_word' id='word_1_67' title='bbox 102 1279 237 1351; x_wconf 80' lang='lat' dir='ltr'>duceret,</span> <span class='ocrx_word' id='word_1_68' title='bbox 254 1279 339 1354; x_wconf 89' lang='lat' dir='ltr'>quod</span> <span class='ocrx_word' id='word_1_69' title='bbox 354 1278 429 1354; x_wconf 89' lang='lat' dir='ltr'>ipsis</span> <span class='ocrx_word' id='word_1_70' title='bbox 449 1277 580 1355; x_wconf 77' lang='lat' dir='ltr'>pecunia</span> <span class='ocrx_word' id='word_1_71' title='bbox 602 1287 620 1336; x_wconf 76' lang='lat' dir='ltr'>e</span> <span class='ocrx_word' id='word_1_72' title='bbox 643 1285 713 1355; x_wconf 87' lang='lat' dir='ltr'>rege</span> <span class='ocrx_word' id='word_1_73' title='bbox 735 1278 998 1355; x_wconf 75' lang='lat' dir='ltr'>suppeditabatur,</span> <span class='ocrx_word' id='word_1_74' title='bbox 1021 1298 1051 1332; x_wconf 85' lang='grc' dir='ltr'>ιο</span> 
     </span>
     <span class='ocr_line' id='line_1_12' title="bbox 103 1381 1000 1457; baseline -0.001 -17"><span class='ocrx_word' id='word_1_75' title='bbox 103 1390 210 1440; x_wconf 77' lang='lat' dir='ltr'>contre</span> <span class='ocrx_word' id='word_1_76' title='bbox 240 1381 485 1454; x_wconf 75' lang='lat' dir='ltr'>Atheniensibus</span> <span class='ocrx_word' id='word_1_77' title='bbox 514 1382 673 1439; x_wconf 83' lang='lat' dir='ltr'>exhaustis</span> <span class='ocrx_word' id='word_1_78' title='bbox 706 1390 827 1457; x_wconf 89' lang='lat' dir='ltr'>praeter</span> <span class='ocrx_word' id='word_1_79' title='bbox 861 1400 944 1439; x_wconf 85' lang='lat' dir='ltr'>arma</span> <span class='ocrx_word' id='word_1_80' title='bbox 970 1391 1000 1439; x_wconf 89' lang='lat' dir='ltr'>et</span> 
     </span>
    </p>

    <p class='ocr_par' dir='ltr' id='par_1_5' title="bbox 67 1484 1049 1974">
     <span class='ocr_line' id='line_1_13' title="bbox 67 1484 1000 1560; baseline -0.004 -14"><span class='ocrx_word' id='word_1_81' title='bbox 67 1493 198 1546; x_wconf 71' lang='lat' dir='ltr'>2neves</span> <span class='ocrx_word' id='word_1_82' title='bbox 228 1484 303 1542; x_wconf 95' lang='lat' dir='ltr'>nihil</span> <span class='ocrx_word' id='word_1_83' title='bbox 333 1494 398 1543; x_wconf 91' lang='lat' dir='ltr'>erat</span> <span class='ocrx_word' id='word_1_84' title='bbox 427 1504 526 1560; x_wconf 91' lang='lat' dir='ltr'>super,</span> <span class='ocrx_word' id='word_1_85' title='bbox 558 1484 735 1544; x_wconf 87' lang='lat' dir='ltr'>Alcibiades</span> <span class='ocrx_word' id='word_1_86' title='bbox 764 1485 805 1542; x_wconf 97' lang='lat' dir='ltr'>ad</span> <span class='ocrx_word' id='word_1_87' title='bbox 833 1485 1000 1543; x_wconf 85' lang='lat' dir='ltr'>exercitum</span> 
     </span>
     <span class='ocr_line' id='line_1_14' title="bbox 102 1587 999 1665; baseline 0.001 -20"><span class='ocrx_word' id='word_1_88' title='bbox 102 1587 185 1646; x_wconf 93' lang='lat' dir='ltr'>venit</span> <span class='ocrx_word' id='word_1_89' title='bbox 212 1587 447 1646; x_wconf 91' lang='lat' dir='ltr'>Atheniensium</span> <span class='ocrx_word' id='word_1_90' title='bbox 474 1588 578 1664; x_wconf 90' lang='lat' dir='ltr'>ibique</span> <span class='ocrx_word' id='word_1_91' title='bbox 605 1597 766 1665; x_wconf 86' lang='lat' dir='ltr'>praesente</span> <span class='ocrx_word' id='word_1_92' title='bbox 792 1587 883 1664; x_wconf 66' lang='lat' dir='ltr'>volgi)</span> <span class='ocrx_word' id='word_1_93' title='bbox 909 1607 999 1664; x_wconf 88' lang='lat' dir='ltr'>agere</span> 
     </span>
     <span class='ocr_line' id='line_1_15' title="bbox 102 1690 999 1767; baseline -0.001 -18"><span class='ocrx_word' id='word_1_94' title='bbox 102 1691 225 1766; x_wconf 89' lang='lat' dir='ltr'>coepit:</span> <span class='ocrx_word' id='word_1_95' title='bbox 256 1699 284 1753; x_wconf 86' lang='lat' dir='ltr'>si</span> <span class='ocrx_word' id='word_1_96' title='bbox 305 1690 427 1762; x_wconf 89' lang='lat' dir='ltr'>vellent,</span> <span class='ocrx_word' id='word_1_97' title='bbox 445 1698 479 1749; x_wconf 91' lang='lat' dir='ltr'>se</span> <span class='ocrx_word' id='word_1_98' title='bbox 501 1699 678 1749; x_wconf 75' lang='lat' dir='ltr'>coectsirum</span> <span class='ocrx_word' id='word_1_99' title='bbox 701 1691 893 1767; x_wconf 67' lang='lat' dir='ltr'>Lysandrum</span> <span class='ocrx_word' id='word_1_100' title='bbox 915 1691 999 1749; x_wconf 87' lang='lat' dir='ltr'>dimi·</span> 
     </span>
     <span class='ocr_line' id='line_1_16' title="bbox 102 1794 1049 1875; baseline 0.003 -22"><span class='ocrx_word' id='word_1_101' title='bbox 102 1803 172 1853; x_wconf 75' lang='lat' dir='ltr'>cere</span> <span class='ocrx_word' id='word_1_102' title='bbox 187 1803 241 1852; x_wconf 87' lang='lat' dir='ltr'>aut</span> <span class='ocrx_word' id='word_1_103' title='bbox 258 1802 366 1875; x_wconf 73' lang='lat' dir='ltr'>pecem</span> <span class='ocrx_word' id='word_1_104' title='bbox 388 1804 493 1870; x_wconf 89' lang='lat' dir='ltr'>petere</span> <span class='ocrx_word' id='word_1_105' title='bbox 516 1794 705 1870; x_wconf 89' lang='lat' dir='ltr'>spopondit;</span> <span class='ocrx_word' id='word_1_106' title='bbox 736 1794 998 1853; x_wconf 80' lang='lat' dir='ltr'>Lacedaemonies</span> <span class='ocrx_word' id='word_1_107' title='bbox 1020 1820 1049 1873; x_wconf 83' lang='lat'>15</span> 
     </span>
     <span class='ocr_line' id='line_1_17' title="bbox 102 1896 998 1974; baseline 0 -18"><span class='ocrx_word' id='word_1_108' title='bbox 102 1905 140 1957; x_wconf 79' lang='lat' dir='ltr'>ee</span> <span class='ocrx_word' id='word_1_109' title='bbox 158 1897 241 1956; x_wconf 77' lang='lat' dir='ltr'>nelle</span> <span class='ocrx_word' id='word_1_110' title='bbox 263 1897 363 1956; x_wconf 92' lang='lat' dir='ltr'>classe</span> <span class='ocrx_word' id='word_1_111' title='bbox 386 1897 560 1974; x_wconf 60' lang='lat' dir='ltr'>«infligere,</span> <span class='ocrx_word' id='word_1_112' title='bbox 577 1898 661 1972; x_wconf 90' lang='lat' dir='ltr'>quod</span> <span class='ocrx_word' id='word_1_113' title='bbox 683 1896 879 1973; x_wconf 88' lang='lat' dir='ltr'>pedestribus</span> <span class='ocrx_word' id='word_1_114' title='bbox 901 1897 998 1974; x_wconf 81' lang='lat' dir='ltr'>cepiis</span> 
     </span>
    </p>

    <p class='ocr_par' dir='ltr' id='par_1_6' title="bbox 67 1999 998 2283">
     <span class='ocr_line' id='line_1_18' title="bbox 67 1999 998 2077; baseline -0.003 -15"><span class='ocrx_word' id='word_1_115' title='bbox 67 2013 84 2062; x_wconf 88' lang='grc'><strong>3</strong></span> <span class='ocrx_word' id='word_1_116' title='bbox 102 2000 171 2077; x_wconf 80' lang='lat' dir='ltr'>plus</span> <span class='ocrx_word' id='word_1_117' title='bbox 187 2019 279 2076; x_wconf 90' lang='lat' dir='ltr'>quam</span> <span class='ocrx_word' id='word_1_118' title='bbox 295 2000 427 2059; x_wconf 64' lang='lat' dir='ltr'>navibus</span> <span class='ocrx_word' id='word_1_119' title='bbox 444 1999 581 2058; x_wconf 90' lang='lat' dir='ltr'>valerent</span> <span class='ocrx_word' id='word_1_120' title='bbox 597 2024 603 2072; x_wconf 88' lang='lat'>;</span> <span class='ocrx_word' id='word_1_121' title='bbox 626 2000 685 2058; x_wconf 92' lang='lat' dir='ltr'>sibi</span> <span class='ocrx_word' id='word_1_122' title='bbox 701 2010 802 2059; x_wconf 90' lang='lat' dir='ltr'>autem</span> <span class='ocrx_word' id='word_1_123' title='bbox 818 2019 888 2059; x_wconf 90' lang='lat' dir='ltr'>esse</span> <span class='ocrx_word' id='word_1_124' title='bbox 907 2001 998 2060; x_wconf 78' lang='lat' dir='ltr'>facile</span> 
     </span>
     <span class='ocr_line' id='line_1_19' title="bbox 103 2103 998 2180; baseline 0.001 -18"><span class='ocrx_word' id='word_1_125' title='bbox 103 2104 259 2175; x_wconf 85' lang='lat' dir='ltr'>Seuthem,</span> <span class='ocrx_word' id='word_1_126' title='bbox 276 2110 380 2180; x_wconf 89' lang='lat' dir='ltr'>regern</span> <span class='ocrx_word' id='word_1_127' title='bbox 403 2103 567 2175; x_wconf 76' lang='lat' dir='ltr'>Threcum,</span> <span class='ocrx_word' id='word_1_128' title='bbox 589 2104 741 2162; x_wconf 79' lang='lat' dir='ltr'>adducere</span> <span class='ocrx_word' id='word_1_129' title='bbox 767 2113 801 2162; x_wconf 91' lang='lat' dir='ltr'>ut</span> <span class='ocrx_word' id='word_1_130' title='bbox 826 2123 896 2162; x_wconf 91' lang='lat' dir='ltr'>eurn</span> <span class='ocrx_word' id='word_1_131' title='bbox 919 2113 998 2163; x_wconf 76' lang='lat' dir='ltr'>terre</span> 
     </span>
     <span class='ocr_line' id='line_1_20' title="bbox 101 2206 998 2283; baseline 0.002 -19"><span class='ocrx_word' id='word_1_132' title='bbox 101 2206 290 2283; x_wconf 82' lang='lat' dir='ltr'>depelleret3</span> <span class='ocrx_word' id='word_1_133' title='bbox 328 2213 390 2282; x_wconf 77' lang='lat' dir='ltr'>que</span> <span class='ocrx_word' id='word_1_134' title='bbox 413 2207 497 2265; x_wconf 78' lang='lat' dir='ltr'>lacte</span> <span class='ocrx_word' id='word_1_135' title='bbox 519 2206 696 2265; x_wconf 60' lang='lat' dir='ltr'>necessarie</span> <span class='ocrx_word' id='word_1_136' title='bbox 720 2216 773 2265; x_wconf 89' lang='lat' dir='ltr'>aut</span> <span class='ocrx_word' id='word_1_137' title='bbox 800 2207 899 2265; x_wconf 90' lang='lat' dir='ltr'>classe</span> <span class='ocrx_word' id='word_1_138' title='bbox 929 2215 998 2266; x_wconf 80' lang='lat' dir='ltr'>cen·</span> 
     </span>
    </p>

    <p class='ocr_par' dir='ltr' id='par_1_7' title="bbox 67 2309 1049 2908">
     <span class='ocr_line' id='line_1_21' title="bbox 67 2309 1049 2385; baseline 0.002 -18"><span class='ocrx_word' id='word_1_139' title='bbox 67 2310 255 2368; x_wconf 80' lang='lat' dir='ltr'>4flictr&#39;1rum</span> <span class='ocrx_word' id='word_1_140' title='bbox 277 2319 330 2367; x_wconf 77' lang='lat' dir='ltr'>aut</span> <span class='ocrx_word' id='word_1_141' title='bbox 354 2309 468 2368; x_wconf 92' lang='lat' dir='ltr'>bellum</span> <span class='ocrx_word' id='word_1_142' title='bbox 491 2309 739 2385; x_wconf 80' lang='lat' dir='ltr'>compositurum.</span> <span class='ocrx_word' id='word_1_143' title='bbox 787 2310 823 2368; x_wconf 91' lang='lat' dir='ltr'>ld</span> <span class='ocrx_word' id='word_1_144' title='bbox 846 2319 905 2368; x_wconf 91' lang='lat' dir='ltr'>etsi</span> <span class='ocrx_word' id='word_1_145' title='bbox 928 2318 998 2369; x_wconf 87' lang='lat' dir='ltr'>vere</span> <span class='ocrx_word' id='word_1_146' title='bbox 1018 2341 1049 2376; x_wconf 86' lang='lat'>20</span> 
     </span>
     <span class='ocr_line' id='line_1_22' title="bbox 101 2412 999 2490; baseline 0 -19"><span class='ocrx_word' id='word_1_147' title='bbox 101 2413 218 2472; x_wconf 92' lang='lat' dir='ltr'>dictum</span> <span class='ocrx_word' id='word_1_148' title='bbox 246 2412 399 2471; x_wconf 91' lang='lat' dir='ltr'>Philocles</span> <span class='ocrx_word' id='word_1_149' title='bbox 426 2413 699 2484; x_wconf 87' lang='lat' dir='ltr'>animadvertebat,</span> <span class='ocrx_word' id='word_1_150' title='bbox 719 2423 820 2471; x_wconf 91' lang='lat' dir='ltr'>tamen</span> <span class='ocrx_word' id='word_1_151' title='bbox 843 2413 999 2490; x_wconf 65' lang='lat' dir='ltr'>postulata</span> 
     </span>
     <span class='ocr_line' id='line_1_23' title="bbox 101 2507 999 2593; baseline 0.001 -18"><span class='ocrx_word' id='word_1_152' title='bbox 101 2517 203 2575; x_wconf 76' lang='lat' dir='ltr'>tacere</span> <span class='ocrx_word' id='word_1_153' title='bbox 226 2507 333 2588; x_wconf 61' lang='lat' dir='ltr'>meluit,</span> <span class='ocrx_word' id='word_1_154' title='bbox 357 2516 441 2591; x_wconf 90' lang='lat' dir='ltr'>quod</span> <span class='ocrx_word' id='word_1_155' title='bbox 463 2515 619 2574; x_wconf 90' lang='lat' dir='ltr'>sentiebat</span> <span class='ocrx_word' id='word_1_156' title='bbox 642 2523 675 2574; x_wconf 92' lang='lat' dir='ltr'>se</span> <span class='ocrx_word' id='word_1_157' title='bbox 692 2516 852 2574; x_wconf 91' lang='lat' dir='ltr'>Alcibiade</span> <span class='ocrx_word' id='word_1_158' title='bbox 874 2525 999 2593; x_wconf 80' lang='lat' dir='ltr'>recepte</span> 
     </span>
     <span class='ocr_line' id='line_1_24' title="bbox 101 2619 999 2696; baseline 0.001 -18"><span class='ocrx_word' id='word_1_159' title='bbox 101 2620 214 2679; x_wconf 75' lang='lat' dir='ltr'>nullius</span> <span class='ocrx_word' id='word_1_160' title='bbox 231 2627 379 2678; x_wconf 80' lang='lat' dir='ltr'>mementi</span> <span class='ocrx_word' id='word_1_161' title='bbox 395 2619 478 2695; x_wconf 90' lang='lat' dir='ltr'>apud</span> <span class='ocrx_word' id='word_1_162' title='bbox 493 2619 661 2677; x_wconf 83' lang='lat' dir='ltr'>exercitum</span> <span class='ocrx_word' id='word_1_163' title='bbox 674 2621 810 2678; x_wconf 80' lang='lat' dir='ltr'>futurum</span> <span class='ocrx_word' id='word_1_164' title='bbox 826 2630 865 2691; x_wconf 91' lang='lat' dir='ltr'>et,</span> <span class='ocrx_word' id='word_1_165' title='bbox 883 2630 908 2679; x_wconf 81' lang='lat' dir='ltr'>si</span> <span class='ocrx_word' id='word_1_166' title='bbox 924 2621 999 2696; x_wconf 91' lang='lat' dir='ltr'>quid</span> 
     </span>
     <span class='ocr_line' id='line_1_25' title="bbox 101 2721 998 2799; baseline -0.001 -17"><span class='ocrx_word' id='word_1_167' title='bbox 101 2723 230 2782; x_wconf 88' lang='lat' dir='ltr'>secundi</span> <span class='ocrx_word' id='word_1_168' title='bbox 252 2721 416 2793; x_wconf 89' lang='lat' dir='ltr'>evenisset,</span> <span class='ocrx_word' id='word_1_169' title='bbox 439 2722 552 2780; x_wconf 82' lang='lat' dir='ltr'>nullam</span> <span class='ocrx_word' id='word_1_170' title='bbox 579 2722 608 2780; x_wconf 93' lang='lat' dir='ltr'>in</span> <span class='ocrx_word' id='word_1_171' title='bbox 639 2732 676 2781; x_wconf 73' lang='lat' dir='ltr'>ee</span> <span class='ocrx_word' id='word_1_172' title='bbox 705 2731 737 2781; x_wconf 91' lang='lat' dir='ltr'>re</span> <span class='ocrx_word' id='word_1_173' title='bbox 767 2742 852 2781; x_wconf 91' lang='lat' dir='ltr'>suam</span> <span class='ocrx_word' id='word_1_174' title='bbox 881 2733 998 2799; x_wconf 90' lang='lat' dir='ltr'>partem</span> 
     </span>
     <span class='ocr_line' id='line_1_26' title="bbox 99 2824 1048 2908; baseline -0.001 -24"><span class='ocrx_word' id='word_1_175' title='bbox 99 2826 175 2899; x_wconf 79' lang='lat' dir='ltr'>fore,</span> <span class='ocrx_word' id='word_1_176' title='bbox 192 2833 301 2884; x_wconf 77' lang='lat' dir='ltr'>contre</span> <span class='ocrx_word' id='word_1_177' title='bbox 316 2844 361 2897; x_wconf 89' lang='lat' dir='ltr'>ea,</span> <span class='ocrx_word' id='word_1_178' title='bbox 379 2834 405 2883; x_wconf 88' lang='lat' dir='ltr'>si</span> <span class='ocrx_word' id='word_1_179' title='bbox 421 2824 496 2901; x_wconf 93' lang='lat' dir='ltr'>quid</span> <span class='ocrx_word' id='word_1_180' title='bbox 517 2825 637 2883; x_wconf 85' lang='lat' dir='ltr'>adversi</span> <span class='ocrx_word' id='word_1_181' title='bbox 661 2825 832 2896; x_wconf 89' lang='lat' dir='ltr'>accidisset,</span> <span class='ocrx_word' id='word_1_182' title='bbox 850 2832 883 2883; x_wconf 91' lang='lat' dir='ltr'>se</span> <span class='ocrx_word' id='word_1_183' title='bbox 905 2835 998 2883; x_wconf 79' lang='lat' dir='ltr'>unum</span> <span class='ocrx_word' id='word_1_184' title='bbox 1018 2857 1030 2891; x_wconf 86' lang='lat'><strong>2</strong></span> <span class='ocrx_word' id='word_1_185' title='bbox 1035 2857 1048 2908; x_wconf 85' lang='lat'><strong>5</strong></span> 
     </span>
    </p>
   </div>
   <div class='ocr_carea' id='block_1_3' title="bbox 99 3009 1000 3320">
    <p class='ocr_par' dir='ltr' id='par_1_8' title="bbox 99 3009 1000 3320">
     <span class='ocr_line' id='line_1_27' title="bbox 140 3009 999 3074; baseline -0.005 -16"><span class='ocrx_word' id='word_1_186' title='bbox 140 3009 351 3074; x_wconf 82' lang='lat' dir='ltr'>4quibusdam,</span> <span class='ocrx_word' id='word_1_187' title='bbox 388 3010 527 3055; x_wconf 69' lang='lat' dir='ltr'>nrnnzzllis.</span> <span class='ocrx_word' id='word_1_188' title='bbox 540 3010 733 3072; x_wconf 75' lang='lat' dir='ltr'>—pepererat,</span> <span class='ocrx_word' id='word_1_189' title='bbox 769 3010 953 3056; x_wconf 77' lang='lat' dir='ltr'>concilidverat.</span> <span class='ocrx_word' id='word_1_190' title='bbox 966 3037 999 3044; x_wconf 88' lang='lat'><em>—</em></span> 
     </span>
     <span class='ocr_line' id='line_1_28' title="bbox 102 3090 999 3155; baseline 0.001 -15"><span class='ocrx_word' id='word_1_191' title='bbox 102 3106 132 3142; x_wconf 90' lang='lat'>10</span> <span class='ocrx_word' id='word_1_192' title='bbox 149 3092 268 3155; x_wconf 79' lang='lat' dir='ltr'>duceret,</span> <span class='ocrx_word' id='word_1_193' title='bbox 276 3092 436 3152; x_wconf 63' lang='lat' dir='ltr'>preducerer.</span> <span class='ocrx_word' id='word_1_194' title='bbox 444 3119 478 3126; x_wconf 89' lang='lat'><em>-</em></span> <span class='ocrx_word' id='word_1_195' title='bbox 486 3090 720 3154; x_wconf 71' lang='lat' dir='ltr'>suppeditebetur,</span> <span class='ocrx_word' id='word_1_196' title='bbox 731 3091 847 3137; x_wconf 71' lang='lat' dir='ltr'>dabdtur.</span> <span class='ocrx_word' id='word_1_197' title='bbox 855 3117 888 3124; x_wconf 92' lang='lat'>-</span> <span class='ocrx_word' id='word_1_198' title='bbox 900 3103 927 3135; x_wconf 91' lang='lat'>12</span> <span class='ocrx_word' id='word_1_199' title='bbox 940 3093 999 3141; x_wconf 82' lang='lat' dir='ltr'>erat</span> 
     </span>
     <span class='ocr_line' id='line_1_29' title="bbox 100 3171 1000 3240; baseline -0.002 -14"><span class='ocrx_word' id='word_1_200' title='bbox 100 3189 188 3240; x_wconf 84' lang='lat' dir='ltr'>super,</span> <span class='ocrx_word' id='word_1_201' title='bbox 200 3175 358 3223; x_wconf 59' lang='lat' dir='ltr'>ratehau-</span> <span class='ocrx_word' id='word_1_202' title='bbox 368 3172 398 3220; x_wconf 89' lang='lat'>16</span> <span class='ocrx_word' id='word_1_203' title='bbox 415 3172 596 3236; x_wconf 85' lang='lat' dir='ltr'>pedestribus,</span> <span class='ocrx_word' id='word_1_204' title='bbox 605 3174 847 3232; x_wconf 81' lang='lat' dir='ltr'>terrestribus.-17</span> <span class='ocrx_word' id='word_1_205' title='bbox 867 3171 1000 3238; x_wconf 70' lang='lat' dir='ltr'>valerent,</span> 
     </span>
     <span class='ocr_line' id='line_1_30' title="bbox 99 3264 274 3320; baseline 0 -15"><span class='ocrx_word' id='word_1_206' title='bbox 99 3264 208 3320; x_wconf 81' lang='lat' dir='ltr'>possent.</span> <span class='ocrx_word' id='word_1_207' title='bbox 271 3308 274 3314; x_wconf 69' lang='grc'>,</span> 
     </span>
    </p>
   </div>
   <div class='ocr_carea' id='block_1_4' title="bbox 0 0 1152 3638">
    <p class='ocr_par' dir='ltr' id='par_1_9' title="bbox 0 0 1152 3638">
     <span class='ocr_line' id='line_1_31' title="bbox 0 0 1152 3638; baseline 0 1"><span class='ocrx_word' id='word_1_208' title='bbox 0 0 1152 3638; x_wconf 95' lang='lat' dir='ltr'> </span> 
     </span>
    </p>
   </div>
  </div>
 </body>
</html>
