2294 3638
108 225 139 276 58
309 201 311 204 ’
399 227 617 278 Aossmaus.
656 243 711 286 1‚2.

109 395 269 468 Lysandro
286 395 482 471 suffragante,
497 395 630 468 homine,
646 405 678 455 ut
693 397 887 457 ostendimus
904 409 1004 475 supra,

107 498 240 557 factioso
263 507 294 556 et
316 498 353 556 iis
375 498 565 573 temporibus
587 508 723 574 potente,
739 500 903 576 Agesilaus
925 513 1006 560 ante-

108 602 187 660 latus
204 611 258 659 cst.

72 713 94 771 2
152 707 212 763 Hic
223 705 311 762 simul
323 714 415 781 atque
428 705 535 781 imperi
548 715 663 782 potitus
676 716 731 778 est,
746 707 901 782 persuasit
914 711 1005 768 Lace-

107 809 279 867 daemoniis
298 819 330 866 ut
349 809 500 867 exercitus
520 806 694 868 emitterent
709 809 741 867 in
757 809 865 868 Asiam
882 812 1005 870 bellum·
1024 828 1036 879 5

75 992 78 1000 ,
107 931 165 987 que
178 920 241 988 regi
253 911 399 984 lacerent,
413 912 529 971 docens
541 913 638 971 satius
651 931 719 971 esse
732 912 763 970 in
776 914 853 973 Asie
866 934 958 990 quam
974 915 1004 971 in

109 1017 230 1091 Europa
242 1016 390 1074 dimicem.
433 1018 575 1091 Namque
590 1017 673 1074 fama
688 1016 803 1076 exierat
816 1019 1004 1077 Artaxerxen

107 1129 284 1194 comparare
307 1121 422 1177 classes
445 1119 665 1195 pedestresque
688 1119 848 1192 exercitus
873 1129 952 1196 quos
974 1122 1005 1178 in

73 1232 90 1282 2
107 1222 269 1280 Graeciam
288 1223 430 1281 mitteret.
477 1224 558 1280 Date
574 1231 729 1298 potestate
745 1232 833 1283 tanta
848 1224 1004 1283 celeritate

107 1336 180 1383 usus
201 1337 248 1384 est
271 1336 303 1384 ut
330 1326 414 1402 prius
441 1326 470 1382 in
489 1325 595 1384 Asiam
619 1345 688 1385 curn
711 1326 809 1401 copiis
831 1328 1004 1402 pervenerit
1024 1358 1050 1390 ιο

108 1449 199 1504 quam
222 1429 296 1506 regii
319 1439 461 1504 satrapae
481 1448 551 1487 eum
572 1438 686 1487 scirent
706 1430 888 1505 profectum.
934 1432 1004 1503 Quo

106 1533 223 1590 factum
253 1542 301 1590 est
331 1543 363 1589 ut
393 1539 501 1590 omnes
534 1532 701 1608 imparatos
735 1531 1004 1609 imprudentesque

73 1644 90 1692 3
107 1636 287 1694 offenderet.
334 1636 371 1694 Id
392 1644 425 1693 ut
444 1636 590 1711 cegnevit
606 1635 841 1710 Tissaphernes
859 1645 911 1712 qui
927 1656 1005 1695 sum-

107 1758 188 1796 mum
206 1739 366 1815 imperium
382 1748 446 1796 tum
462 1738 541 1797 inter
553 1739 727 1814 praefectos
743 1738 879 1797 habebat
894 1739 1002 1816 regios

108 1843 242 1900 indutias
258 1851 276 1900 e
293 1844 417 1900 Lacone
433 1842 549 1918 petivit,
567 1841 715 1900 simulans
726 1849 764 1926 ‘se
781 1842 853 1900 dare
870 1861 1002 1919 operam,
1024 1872 1048 1922 ¹5

108 1956 140 2004 ut
165 1946 420 2004 Lacedaemoniis
444 1965 513 2003 cum
537 1953 607 2021 rege
633 1937 819 2017 conveniret,¹
843 1953 876 2003 re
902 1956 1002 2004 autem

107 2057 178 2108 vera
209 2050 247 2107 ad
278 2049 384 2124 copias
414 2049 649 2124 comparandas
681 2057 796 2123 easque
829 2048 1003 2125 impetravit

73 2152 283 2210 4trimestres.
338 2152 453 2210 Iuravit
483 2161 585 2209 autern
615 2162 743 2227 uterque
772 2158 805 2209 se
834 2150 901 2210 sine
932 2152 1003 2210 dole

107 2256 242 2314 indutias
265 2264 523 2314 conservaturum.
574 2257 610 2312 In
635 2263 695 2330 que
718 2254 862 2329 pactione
885 2265 1002 2314 summe

106 2360 166 2418 fide
182 2359 295 2417 mansit
306 2359 486 2435 Agesilaum
511 2367 618 2416 contra
634 2377 671 2415 ea
686 2358 912 2433 Tissaphernes
929 2359 1003 2416 nihil
1021 2389 1048 2422 20

73 2464 189 2521 5aliud
213 2482 302 2538 quam
326 2463 439 2520 bellum
463 2461 659 2536 comparavit.
709 2461 745 2519 Id
769 2470 828 2520 etsi
850 2462 1003 2522 sentiebat

108 2569 199 2638 Laco,
224 2576 326 2624 tamen
355 2565 563 2623 iusiurandum
590 2564 734 2623 servabat
758 2564 949 2640 multumque
973 2565 1001 2623 in

107 2679 144 2729 eo
160 2678 192 2729 se
208 2678 357 2745 consequi
377 2669 510 2740 dicebat,
527 2668 611 2742 quod
627 2668 851 2743 Tissaphernes
871 2669 1003 2745 periurio

107 2783 163 2834 sue
179 2785 209 2832 et
225 2773 365 2832 homines
389 2783 452 2830 suis
475 2772 566 2830 rebus
589 2771 778 2830 abalienaret
798 2781 830 2829 et
850 2772 927 2831 deos
945 2773 1002 2831 sibi

108 2885 201 2937 iratos
218 2879 367 2944 redderet,
385 2884 417 2935 se
439 2885 541 2932 autem
564 2882 747 2934 conservate
766 2875 914 2952 religiene
934 2884 1003 2939 con·
1021 2902 1048 2954 ²5

106 2984 229 3040 firmare
242 2980 417 3051 exercitum,
432 2999 501 3037 cum
518 2978 774 3037 animadverteret
787 2978 878 3036 deum
891 2989 1003 3038 numen

106 3088 208 3144 facere
225 3093 338 3156 secum,
356 3083 559 3157 hominesque
579 3081 637 3139 sibi
658 3081 1000 3154 conciliari'amicieres

149 3219 165 3267 6
191 3217 320 3281 facerent,
345 3217 559 3280 inferrent—13
588 3214 741 3277 offenderet,
763 3214 1004 3275 deprehenderet.-

104 3317 136 3362 24
154 3302 334 3365 abalieniret,
349 3301 537 3347 inimicissimos
550 3299 667 3346 redderet.
