2294 3638
413 514 692 598 nnttnnES.

60 747 83 806 1
148 747 344 818 Mnstnnin,
368 744 507 805 Cimenis
528 744 622 818 filius,
646 745 948 819 Atheniensiseum
970 756 1001 805 et

104 849 288 925 antiquitate
309 848 432 926 generis
448 858 479 907 et
494 847 591 926 glerie
612 847 761 908 meierum
776 859 807 908 et
822 858 879 909 sue
899 850 1001 909 mode-

104 953 164 1013 stie
177 962 255 1011 sinus
268 951 405 1011 omnium
416 934 547 1011 meiime
558 951 681 1012 fiereret
693 961 790 1029 eeque
803 962 887 1012 esset
898 962 999 1013 aetete

103 1066 138 1115 ut
162 1062 224 1114 nen
249 1055 309 1113 iam
333 1055 432 1115 selum
457 1055 495 1114 de
519 1062 556 1114 ee
572 1055 652 1114 bene
675 1063 807 1132 sperare,
829 1057 886 1115 sed
908 1056 999 1115 etiam

104 1159 262 1218 censidere
295 1165 379 1217 cives
408 1169 537 1234 possent
567 1168 615 1218 sui
644 1158 737 1218 telem
767 1178 836 1217 eum
865 1160 999 1218 futsirum
1036 1177 1049 1230 5

104 1261 228 1339 qualem
243 1261 399 1339 cegnitum
415 1261 597 1334 indicarunt,
615 1261 728 1321 accidit
743 1273 777 1322 ut
792 1262 999 1322 Athenienses

69 1375 87 1424 2
105 1366 334 1425 Chersonesum
351 1365 479 1425 colenes
494 1365 608 1424 vellent
624 1365 753 1424 mittere.
799 1366 895 1425 Ceius
910 1385 1000 1443 gene

104 1469 145 1527 ris
159 1488 238 1529 ‚cum
257 1476 386 1545 megnus
406 1487 551 1527 numerus
571 1478 655 1527 esset
674 1478 705 1527 et
723 1469 810 1528 multi
826 1469 891 1528 eius
908 1469 999 1528 demi-

103 1571 252 1649 gretienis
268 1581 408 1646 peterent
424 1571 612 1644 societatem,
626 1591 664 1630 ex
679 1570 716 1631 iis
732 1573 843 1631 delecti
860 1572 999 1650 Delphes

104 1675 307 1734 deliberatum
328 1683 414 1733 missi
434 1684 514 1747 sunt,
532 1683 584 1751 qui
600 1674 796 1734 censulerent
811 1675 996 1752 Apollinem,
1019 1702 1049 1737 ιο

104 1786 166 1854 que
197 1776 391 1854 potissimum
427 1779 505 1837 duce
539 1788 711 1838 fiterentur..
763 1781 905 1855 Namque
934 1789 998 1838 tum

103 1882 240 1941 Threces
263 1889 316 1941 ees
338 1880 479 1958 regiones
502 1883 659 1955 tenebant,
680 1901 749 1940 cum
772 1882 884 1958 quibus
907 1892 998 1942 armis

69 1988 168 2043 3erat
194 1983 412 2043 dimicandum.
469 1986 530 2043 His
554 1985 788 2067 censnlentibus
817 1986 998 2046 neminetim

104 2087 214 2166 Pythia
241 2087 400 2164 praecepit
429 2097 462 2146 ut
493 2087 667 2147 Miltiadem
695 2088 909 2165 impereterem
939 2089 998 2148 sibi

102 2200 275 2250 semerent:
299 2191 331 2249 id
351 2200 378 2249 si
396 2191 551 2263 fecissent,
572 2191 696 2268 incepta
716 2199 865 2268 prespera
885 2194 996 2251 futnra.
1019 2216 1048 2269 15

69 2295 86 2342 4
104 2296 176 2353 Hec
196 2295 312 2354 ereculi
332 2302 483 2370 respense
503 2294 661 2354 Miltiades
680 2314 749 2354 cum
769 2296 888 2355 delecte
906 2306 999 2355 mansi

102 2397 201 2456 classe
214 2398 443 2457 Chersonesum
457 2398 615 2474 profectus
631 2417 700 2457 cum
712 2399 896 2458 accessisset
912 2402 999 2458 Lem-

102 2520 175 2559 num
191 2510 221 2559 et
237 2501 355 2560 incoles
371 2500 436 2559 eius
452 2500 570 2559 insulae
586 2503 643 2560 sub
659 2510 845 2578 potestetem
860 2502 998 2580 redigere

102 2603 194 2662 vellet
210 2603 456 2676 Atheniensium,
473 2602 566 2680 idque
583 2605 703 2663 Lemnii
721 2612 777 2663 sue
793 2614 904 2681 sponte
918 2606 998 2664 face-

69 2711 85 2760 5
102 2716 170 2765 rent
184 2707 383 2784 postulasset,
400 2706 444 2764 illi
459 2706 628 2766 inridentes
646 2709 872 2784 responderunt
887 2717 952 2767 tum
966 2709 998 2767 id
1017 2735 1048 2769 κο

102 2817 135 2869 se
145 2810 282 2870 faeteres
297 2829 367 2869 cum
379 2808 430 2868 ille
443 2811 535 2868 dome
548 2810 679 2870 nevibus
691 2811 889 2887 proficiscens
905 2819 998 2870 vente

143 2983 156 3017 2
177 2968 293 3033 generis,
321 2968 479 3032 gentis-8
500 2969 717 3033 demigrationis,
742 2970 957 3033 profectienis.-
971 2985 999 3020 10

101 3053 288 3118 deliberem,
317 3059 498 3116 quaestum.-
512 3066 541 3116 13
561 3052 754 3117 dimicandum,
773 3054 1004 3115 limandum.-

103 3149 130 3197 17
143 3135 313 3202 accessisset,
321 3137 484 3198 pervenisset.
492 3164 526 3172 -
535 3149 566 3202 19
578 3139 628 3190 sue
640 3139 753 3205 sponte,
765 3138 848 3186 etti-6.
