2294 3638
399 192 631 240 ALCIBIADES.
666 205 689 255 9,
704 205 740 241 ro.
985 191 1018 243 39

82 366 98 415 5
116 353 254 420 taberne]
293 361 354 419 Sed
369 359 495 418 videbat
514 359 545 417 id
564 358 630 417 sine
649 367 720 436 rege
737 361 829 417 Perse
846 366 907 418 nen
923 378 1016 435 posse

116 465 192 536 fieri,
220 463 351 538 ideeque
378 482 448 521 eum
474 471 605 520 amicum
631 461 691 520 sibi
717 461 862 537 cupiebat
891 461 1017 539 adiungi

117 586 218 643 neque
245 563 409 625 dubitabat
432 565 522 624 facile
547 572 580 624 se
603 573 846 637 censecuturum,
873 573 900 623 si
923 565 1015 623 modo

116 670 183 729 eius
192 669 400 728 conveniundi
408 669 570 752 habuisset
579 678 773 745 potestatem.
812 671 891 727 Nam
902 671 1015 747 Cyrum

115 775 241 832 fretrem
258 782 287 831 ei
300 772 414 831 bellum
435 772 514 831 clam
535 780 643 848 parare
660 771 915 846 Lacedaemoniis
931 772 1014 830 adiu·
1051 787 1063 838 5

115 876 263 941 vantibus
278 876 416 935 sciebat:
440 875 471 934 id
493 884 519 933 si
542 875 722 951 aperuisset,
739 883 882 951 magnam
905 882 938 933 se
961 874 1013 932 ini-

115 989 217 1038 turum
232 979 360 1056 gratiam
376 978 510 1037 videbat.

67 1077 114 1138 10
159 1085 233 1142 Hbc
252 1066 322 1140 cuin
342 1083 498 1140 meliretur
519 1090 698 1158 peteretque
717 1090 735 1139 e
757 1082 957 1140 Pharnabaze
980 1092 1014 1141 ut

116 1186 156 1243 ad
179 1193 282 1262 regem
304 1185 483 1256 mitteretur,
507 1185 616 1243 eedem
640 1193 776 1260 tempore
800 1184 912 1243 Critias
935 1192 1013 1243 cete-

116 1298 202 1364 rique
220 1297 344 1366 tyranni
363 1287 600 1353 Atheniensium
621 1295 721 1347 certes
742 1287 882 1346 homines
901 1289 940 1346 ad
957 1290 1012 1366 Ly·
1033 1312 1062 1345 ro

116 1392 264 1450 sandrum
293 1391 325 1448 in
351 1390 457 1449 Asiam
488 1399 643 1462 miserant,
671 1400 724 1466 qui
753 1409 822 1449 eum
851 1391 1012 1450 certiorem

114 1495 263 1566 iacerent,
290 1494 350 1552 nisi
375 1493 568 1553 Alcibiadem
595 1493 779 1565 sustulisset,
805 1492 881 1551 nihil
907 1503 1012 1552 earum

114 1606 216 1656 rerum
233 1597 300 1655 iore
324 1607 423 1656 ratum
443 1606 521 1672 quas
542 1597 607 1673 ipse
626 1597 757 1655 Athenis
778 1597 1011 1656 constituisset:

115 1709 218 1777 quere,
237 1710 264 1759 si
286 1709 358 1759 sues
380 1708 429 1758 res
451 1708 556 1777 gestes
580 1708 702 1759 manere
723 1700 823 1771 vellet,
841 1701 924 1782 illurn
947 1720 1011 1777 per-

81 1812 98 1862 2
115 1811 301 1880 sequeretur.
336 1805 395 1862 His
412 1805 495 1862 Lace
511 1804 601 1862 rebus
617 1811 787 1863 commbtus
803 1804 910 1863 statuit
926 1815 1011 1863 accir—
1032 1826 1060 1878 15

114 1894 211 1966 retius
234 1907 295 1966 sibi
317 1907 470 1984 agendum
492 1926 561 1965 cum
584 1908 793 1966 Pharnabazi).
839 1908 923 1966 Huic
938 1916 1011 1984 erge

114 2010 270 2070 renuntiat
286 2029 365 2087 quae
382 2018 446 2087 regi
464 2029 533 2068 cum
544 2004 804 2069 vLacedaemoniis
820 2021 933 2082 essent,
951 2011 1010 2069 nisi

115 2113 309 2175 Alcibiadem
339 2123 440 2172 vivum
471 2123 523 2172 aut
553 2123 704 2172 mortuum
733 2113 791 2172 sibi
822 2114 1008 2174 tradidisset.

81 2223 98 2272 3
116 2219 187 2277 Nem
203 2217 272 2276 tulit
287 2219 369 2275 hunc
386 2225 523 2293 satrapes
540 2226 570 2275 et
585 2216 698 2275 violare
712 2217 906 2275 clementiam
919 2238 1010 2293 quam

114 2321 194 2398 regis
211 2327 286 2397 opes
302 2320 397 2377 minui
413 2319 528 2378 maluit.
575 2322 683 2394 Itaque
700 2321 781 2379 misit
799 2321 1010 2380 Susamithren
1029 2343 1060 2376 20

114 2433 145 2482 et
162 2426 317 2500 Bagaeum
334 2423 374 2481 ad
390 2422 584 2481 Alcibiadem
605 2423 858 2496 interficiendum,
876 2443 944 2482 cum
960 2424 1009 2483 ille

114 2536 197 2585 esset
228 2526 274 2583 in'
291 2525 423 2604 Phrygie
454 2525 571 2601 iterque
604 2526 643 2584 ad
677 2528 779 2603 regem
809 2537 1008 2604 compararet.

81 2632 206 2688 AMissi
229 2629 308 2688 clam
330 2629 482 2688 vicinitati
511 2628 541 2685 in
564 2638 711 2704 quatum
735 2629 912 2688 Alcibiades
935 2641 1008 2703 erat,

115 2733 190 2792 dant
213 2732 370 2809 negetium
393 2742 426 2790 ut
448 2740 517 2790 eum
541 2731 734 2791 interficiant.
781 2733 830 2790 llli
846 2753 914 2791 cum
929 2735 1010 2793 ferre

115 2836 240 2913 aggredi
256 2842 319 2895 nen
335 2823 492 2907 auderent,
510 2844 603 2893 noctu
622 2835 703 2912 ligna
719 2836 913 2894 contulerunt
929 2836 1010 2896 circa
1029 2857 1059 2908 25

146 3033 162 3079 4
182 3019 358 3082 potestatem,
371 3017 603 3065 'eccesiam-6
625 3019 786 3081 aperuisset,
805 3019 1010 3080 patefecisset.-

113 3100 128 3149 8
155 3102 303 3164 meliretur,
323 3105 490 3162 compareret.
503 3129 536 3135 -
551 3114 578 3147 12
607 3100 775 3164 sustulisset,
796 3100 965 3164 interfecisset.
977 3130 1011 3138 -

117 3198 146 3248 13
163 3188 262 3249 ratum,
276 3189 399 3232 censtdns.
408 3212 441 3218 -
450 3198 481 3231 20
499 3183 606 3246 meluit,
621 3186 768 3245 anteposuit.
777 3212 809 3218 -
819 3197 849 3242 24
862 3184 1009 3248 negetium,

114 3276 222 3330 operam.
