2294 3638
111 213 128 261 4
406 215 620 264 MILTIADES.
656 231 678 281 3,
691 232 714 277 4.

111 397 180 437 curn
196 380 333 456 plerique
349 382 541 455 accederent,
560 383 723 443 Histiaeus
736 384 886 458 Milesius
904 393 943 445 ne
958 394 1006 446 res

111 483 319 556 cdnficeretur,
348 484 477 557 obstitit,
505 486 611 545 dicens
641 495 703 547 nen
733 487 815 547 idern
829 488 927 567 ipsis,
955 499 1006 567 qui

111 596 246 645 summes
272 587 378 664 imperi
404 596 553 662 tenerent,
579 591 723 667 expedire
749 600 781 650 et
806 591 1005 666 multitudini

110 691 194 765 quod
211 692 304 749 Darei
319 699 413 768 regne
429 692 563 768 ipserum
579 701 725 753 utteretur
739 695 925 755 dominetie:
944 705 1007 773 que

110 793 263 853 exstincte
296 795 381 871 ipses
414 807 569 873 potestate
605 798 749 874 expulses
784 797 905 858 civibus
941 809 1006 859 suis
1040 812 1052 864 5

110 907 228 972 poenes
252 899 385 960 daturos.
432 903 541 978 Itaque
564 902 643 960 ades>
661 909 695 959 se
713 901 877 961 abhorrere
892 910 912 961 e
927 909 1007 963 cete·

111 1009 212 1060 rerum
238 1004 376 1076 consilio,
401 1014 434 1062 ut
460 1004 536 1061 nihil
562 1014 649 1080 putet
675 1004 750 1080 ipsis
780 1003 884 1064 utilius
913 1025 1006 1082 quam

76 1107 285 1168 oconfnman
304 1116 431 1185 regnum
452 1110 621 1167 Persarum.
668 1107 770 1166 Huius
793 1127 862 1167 cum
884 1119 1007 1168 senten-

110 1209 182 1266 tiam
206 1210 326 1286 plurimi
348 1221 453 1270 essent
476 1220 582 1283 secuti,
600 1210 759 1270 Miltiades
778 1218 840 1271 nen
858 1212 1006 1272 dubiteris

109 1322 172 1371 tam
188 1315 291 1373 multis
307 1314 441 1373 censciis
456 1315 497 1373 ad
512 1314 592 1391 regis
613 1321 701 1372 aures
720 1313 850 1373 censilia
867 1333 924 1374 sua
941 1334 1006 1393 per·
1026 1337 1054 1372 10

102 1428 245 1501 uentura,
271 1419 499 1477 Chersonesum
525 1417 647 1493 reliquit
671 1426 709 1476 ac
734 1427 838 1477 rursus
863 1420 1005 1479 Athenes

109 1520 298 1598 demigravit.
351 1521 447 1580 Cuius
479 1521 558 1581 ratie
590 1530 649 1579 etsi
678 1528 740 1580 nen
770 1521 873 1595 valuit,
901 1531 1004 1581 tamen
1050 1558 1054 1563 -

109 1632 221 1701 magne
247 1644 339 1700 opere
365 1634 413 1683 est
439 1624 596 1682 laudanda
622 1644 691 1682 curn
718 1623 844 1683 amicior
869 1625 1004 1684 omnium

109 1727 242 1786 liberteti
258 1748 350 1803 quam
366 1747 439 1787 suae
454 1727 547 1786 fuerit
562 1726 774 1786 dominationi.

69 1839 92 1897 4
151 1833 269 1890 Dereus
286 1842 396 1905 autem,
414 1851 483 1890 cum
499 1850 537 1890 ex
552 1834 674 1907 Eurepe
690 1831 721 1888 in
737 1831 845 1890 Asiam
862 1833 1002 1906 redisset,
1024 1856 1035 1891 1
1041 1854 1053 1908 ς

108 1935 302 1994 hortantibus
326 1945 432 1994 amicis
455 1945 488 1994 ut
509 1934 671 1994 Graeciam
694 1934 847 2011 redigeret
866 1933 897 1993 in
916 1954 1003 1995 suam

107 2047 302 2113 potestetem,
328 2038 459 2097 classem
493 2047 729 2114 quingentarum
765 2037 889 2096 nevium
925 2058 1004 2098 com·

107 2141 226 2218 paravit
259 2151 348 2218 eique
383 2142 487 2200 Datim
523 2140 671 2216 praefecit
704 2150 735 2199 et
767 2142 1002 2217 Artaphernem,

107 2244 216 2321 hisque
233 2245 367 2303 ducenta
382 2245 529 2321 peditum,
542 2244 648 2302 decem
662 2242 798 2319 equitum
811 2244 894 2303 milia
906 2245 1002 2318 dedit,

107 2368 232 2407 eausam
251 2347 436 2407 interserens
459 2355 492 2406 se
514 2348 636 2404 hostem
658 2365 727 2405 esse
748 2347 1001 2422 Atheniensibus,
1021 2373 1053 2408 20

108 2452 190 2528 quod
220 2459 323 2512 eerum
357 2451 470 2510 auxilie
508 2452 600 2509 lenes
635 2451 740 2508 Sardis
773 2460 1003 2527 expugnessent

73 2569 91 2618 2
107 2574 223 2631 suaque
244 2554 399 2631 praesidia
416 2552 651 2612 interfecissent.
699 2552 748 2610 Illi
763 2554 912 2629 praefecti
928 2554 1003 2632 regii

107 2659 206 2717 classe
223 2658 262 2716 ad
279 2659 436 2717 Euboeam
453 2656 583 2732 appulse
598 2656 737 2714 celeriter
753 2655 901 2714 Eretriam
917 2664 1002 2734 cepe·

106 2772 177 2820 runt
197 2769 366 2837 omnesque
387 2760 453 2819 eius
470 2758 571 2837 gentis
587 2766 669 2817 cives
686 2759 831 2834 abreptes
848 2758 879 2816 in
895 2760 1001 2818 Asiam

106 2866 145 2924 ad
161 2872 262 2942 regern
280 2871 435 2922 miserunt.
482 2862 559 2920 Inde
583 2862 623 2920 ad
645 2861 781 2920 Atticam
803 2870 1001 2921 accesserunt
1020 2886 1050 2937 ²5

149 3047 159 3081 1
172 3034 302 3099 plerique,
307 3035 428 3096 pliirinn'.
438 3047 493 3092 —4
505 3032 881 3095 dominstie,in1perium.—7
894 3032 999 3097 futilius,

105 3119 204 3165 melius.
213 3145 247 3152 —
259 3129 287 3181 15
305 3117 430 3180 redisset,
450 3116 596 3162 revertisset.
605 3141 638 3148 —
651 3113 680 3161 16
698 3114 882 3179 hortantibus,
893 3117 1000 3163 nidden-

104 3202 178 3249 tr'bus.
187 3228 221 3236 -
229 3214 260 3247 20
272 3199 444 3262 interserens,
455 3200 624 3258 interpreteris.
634 3224 667 3231 -
678 3210 707 3242 22
720 3194 861 3262 praefecti,
875 3199 954 3245 duces.
