2294 3638
405 132 620 180 urnrrnous.
655 131 678 190 6,
692 145 714 193 7.
991 129 1005 181 7

108 310 191 361 retur
211 302 301 379 isque
322 303 496 363 hortaretur
516 303 629 362 milites
643 303 854 380 proeliumque
870 301 1005 362 commit-

74 415 91 463 4
108 412 196 462 teret.
240 395 330 463 idern
350 404 401 462 ille
421 403 562 481 populus
579 413 783 480 posteaquam
799 402 897 462 maius
913 403 1005 479 impe·

63 511 66 516 '
107 506 187 564 rium
199 517 247 566 est
258 517 368 566 nactus
380 517 411 566 et
423 507 585 584 largitiene
598 506 832 584 magistratuum
845 515 1005 582 corruptus

110 619 166 683 est,
183 619 338 681 trecentas
362 619 480 669 statuas
506 609 663 668 Demetrio
688 609 836 668 Phalerea
861 609 1003 668 decrevit.
1061 680 1065 686 .

73 717 95 776 7
154 715 230 772 Post
251 713 310 772 hec
331 713 481 790 proelium
504 712 636 771 classem
662 712 859 789 septuaginta
883 711 1005 771 navium
1043 729 1056 780 5

111 814 319 876 Athenienses
346 817 446 875 eidem
474 816 609 874 Miltiadi
635 816 795 888 dederunt,
827 825 860 874 ut
889 816 1006 874 insulas

111 938 190 996 quae
206 920 353 978 barbares
369 919 558 991 adnuerant,
569 918 652 979 bello
666 925 908 996 persequeretur.
935 919 1006 992 Qua

111 1022 143 1080 in
159 1022 287 1099 imperia
303 1023 466 1099 plerasque
482 1023 522 1081 ad
538 1021 671 1081 officium
690 1023 789 1081 redire
806 1023 915 1099 coegit,
933 1029 1007 1080 nen-

75 1135 94 1185 2
111 1125 210 1185 nullas
226 1135 255 1184 vi
271 1125 464 1203 expagnavit.
497 1128 542 1184 Ex
557 1127 605 1184 his
622 1128 732 1183 Parum
748 1125 879 1184 insulam
895 1124 1007 1201 opibus

111 1229 224 1288 elatam
239 1248 309 1288 curn
325 1229 464 1289 eratiene
480 1228 678 1288 reconciliare
694 1236 756 1288 nen
772 1237 887 1305 posset,
901 1228 1007 1305 capias
1028 1250 1057 1285 10

112 1339 128 1390 e
148 1332 278 1391 navibus
300 1333 413 1405 eduxit,
433 1333 540 1391 urbem
563 1331 709 1409 operibus
731 1332 842 1391 clausit
861 1341 1007 1408 omnique

112 1445 285 1495 commeatu
300 1436 439 1513 privavit,
457 1436 529 1494 dein
544 1445 642 1494 vineis
657 1444 694 1494 ac
710 1435 918 1495 testudinibus
938 1443 1008 1495 cen-

76 1550 94 1600 3
111 1538 227 1598 stitutis
238 1539 364 1615 propius
376 1547 478 1598 meras
491 1536 633 1598 accessit.
657 1541 736 1598 Cum
748 1538 852 1597 iamin
865 1522 903 1599 ee
915 1548 1005 1611 esset,

112 1651 145 1700 ut
161 1641 277 1718 oppida
299 1650 455 1719 potiretur,
471 1643 577 1719 procul
598 1642 628 1700 in
647 1642 820 1702 continenti
842 1630 938 1715 lacus,
955 1651 1008 1718 qui

112 1764 150 1804 ex
172 1745 272 1805 insula
293 1745 549 1823 censpiciebatur‚
567 1732 673 1804 nescia
689 1754 750 1822 qua
766 1755 841 1806 casu
856 1753 1008 1805 nocturne
1028 1767 1057 1819 ¹5

111 1858 250 1925 ternpore
265 1848 410 1908 incensus
423 1859 479 1908 est.
505 1849 600 1908 Cuius
612 1849 735 1907 flamma
747 1859 780 1908 ut
793 1850 831 1908 ab
844 1849 1008 1926 oppidanis

112 1962 143 2011 et
159 1952 423 2029 oppugnateribus
438 1962 487 2015 est
501 1961 576 2026 visa,
593 1961 730 2029 utrisque
746 1953 830 2012 venit
845 1952 876 2010 in
892 1951 1009 2029 opinio-

78 2064 95 2114 4
112 2074 183 2114 nem
199 2064 321 2132 signum
336 2064 354 2114 a
370 2055 535 2114 classiariis
550 2056 641 2134 regiis
657 2057 771 2115 datum.
808 2056 878 2130 Que
893 2056 1007 2115 facturn

112 2168 160 2217 est
172 2167 248 2217 utet
261 2159 341 2217 Parii
354 2168 373 2218 a
384 2158 544 2219 deditiene
560 2160 786 2218 deterrerentur
797 2169 828 2218 et
839 2159 1006 2232 Miltiades

112 2262 224 2322 timens
237 2269 276 2322 ne
288 2262 397 2320 classis
409 2262 492 2339 regia
507 2263 695 2335 adventaret,
713 2263 848 2322 incensis
864 2263 1009 2347 operibus
1028 2285 1059 2320 20

113 2384 192 2442 quae
219 2374 377 2437 statuerat,
405 2384 475 2424 curn
504 2365 634 2425 totidem
665 2365 797 2425 navibus
822 2375 915 2443 atque
944 2376 1010 2425 erat

112 2469 278 2546 profectus,
299 2469 440 2528 Athenas
471 2477 581 2546 magna
607 2487 676 2528 curn
702 2469 874 2529 offensiene
898 2469 1010 2528 civium

79 2579 237 2632 asuerum
268 2573 389 2631 rediret.
435 2575 608 2632 Accusatus
640 2579 712 2649 erge
741 2571 789 2632 es't
817 2572 1009 2649 preditienis

114 2676 207 2751 quod,
224 2694 294 2734 cum
311 2678 422 2734 Parum
437 2684 614 2753 expugnare
631 2685 785 2755 possete
802 2683 872 2753 rege
891 2695 1011 2753 corrup-

113 2789 163 2839 tus
186 2764 309 2838 infectis
333 2778 426 2838 rebus
448 2779 654 2838 discessisset.
700 2782 745 2838 Ee
764 2789 900 2856 ternpore
921 2799 1012 2857 aeger
1031 2799 1061 2850 25

113 2891 179 2942 erat
194 2882 371 2942 volneribus
389 2901 468 2958 quae
484 2882 515 2939 in
531 2883 740 2960 oppugnando
757 2882 872 2959 oppida
889 2891 1013 2960 accepe-

155 3050 170 3100 3
189 3036 233 3087 est
251 3037 357 3101 nactus,
376 3042 412 3083 est
428 3041 578 3084 censeretur.
589 3036 646 3085 -8
665 3035 818 3099 namanes,
838 3036 1013 3098 quasdam.—

115 3133 146 3168 ro
164 3119 277 3185 elatam,
290 3120 432 3182 superbam.
442 3147 475 3154 —
487 3133 515 3183 13
534 3122 633 3184 mares,
648 3120 746 3167 moenia
753 3135 764 3176 ;
788 3118 917 3181 accessit,
927 3127 1019 3180 appas

106 3204 257 3267 pinqudvr't.
267 3229 300 3238 —-
310 3216 342 3251 20
354 3201 465 3267 timens,
479 3207 588 3263 aaran&
608 3204 788 3267 adventaret,
800 3205 961 3265 peruenerat.
