<?xml version="1.0" encoding="UTF-8"?>
<!DOCTYPE html PUBLIC "-//W3C//DTD XHTML 1.0 Transitional//EN"
    "http://www.w3.org/TR/xhtml1/DTD/xhtml1-transitional.dtd">
<html xmlns="http://www.w3.org/1999/xhtml" xml:lang="en" lang="en">
 <head>
  <title>
</title>
<meta http-equiv="Content-Type" content="text/html;charset=utf-8" />
  <meta name='ocr-system' content='tesseract 3.04.00' />
  <meta name='ocr-capabilities' content='ocr_page ocr_carea ocr_par ocr_line ocrx_word'/>
</head>
<body>
  <div class='ocr_page' id='page_1' title='image "./selectedlivesfr00robegoog_0052.png"; bbox 0 0 2294 3638; ppageno 0'>
   <div class='ocr_carea' id='block_1_1' title="bbox 449 160 993 211">
    <p class='ocr_par' dir='ltr' id='par_1_1' title="bbox 449 160 993 211">
     <span class='ocr_line' id='line_1_1' title="bbox 449 160 993 211; baseline 0.006 -4"><span class='ocrx_word' id='word_1_1' title='bbox 449 160 579 208; x_wconf 92' lang='lat' dir='ltr'>CIMON.</span> <span class='ocrx_word' id='word_1_2' title='bbox 616 175 637 207; x_wconf 91' lang='lat'>2.</span> <span class='ocrx_word' id='word_1_3' title='bbox 961 162 993 211; x_wconf 87' lang='grc'>27</span> 
     </span>
    </p>
   </div>
   <div class='ocr_carea' id='block_1_2' title="bbox 11 325 1065 2886">
    <p class='ocr_par' dir='ltr' id='par_1_2' title="bbox 57 325 1040 922">
     <span class='ocr_line' id='line_1_2' title="bbox 57 325 992 387; baseline 0.002 -2"><span class='ocrx_word' id='word_1_4' title='bbox 57 325 79 385; x_wconf 88' lang='grc'><strong>2</strong></span> <span class='ocrx_word' id='word_1_5' title='bbox 137 327 207 386; x_wconf 91' lang='lat' dir='ltr'>Tali</span> <span class='ocrx_word' id='word_1_6' title='bbox 224 328 316 386; x_wconf 84' lang='lat' dir='ltr'>modo</span> <span class='ocrx_word' id='word_1_7' title='bbox 332 328 473 386; x_wconf 83' lang='lat' dir='ltr'>c&#39;irstadia</span> <span class='ocrx_word' id='word_1_8' title='bbox 493 328 641 386; x_wconf 87' lang='lat' dir='ltr'>liberatus</span> <span class='ocrx_word' id='word_1_9' title='bbox 659 328 769 387; x_wconf 82' lang='lat' dir='ltr'>Ciman</span> <span class='ocrx_word' id='word_1_10' title='bbox 792 329 933 387; x_wconf 86' lang='lat' dir='ltr'>celeriter</span> <span class='ocrx_word' id='word_1_11' title='bbox 953 331 992 387; x_wconf 92' lang='lat' dir='ltr'>ad</span> 
     </span>
     <span class='ocr_line' id='line_1_3' title="bbox 93 430 992 509; baseline 0.003 -23"><span class='ocrx_word' id='word_1_12' title='bbox 93 430 300 506; x_wconf 65' lang='lat' dir='ltr'>principatum</span> <span class='ocrx_word' id='word_1_13' title='bbox 316 431 463 506; x_wconf 89' lang='lat' dir='ltr'>pervenit.</span> <span class='ocrx_word' id='word_1_14' title='bbox 497 432 645 490; x_wconf 75' lang='lat' dir='ltr'>Habebat</span> <span class='ocrx_word' id='word_1_15' title='bbox 660 432 742 489; x_wconf 91' lang='lat' dir='ltr'>enim</span> <span class='ocrx_word' id='word_1_16' title='bbox 758 432 833 490; x_wconf 90' lang='lat' dir='ltr'>satis</span> <span class='ocrx_word' id='word_1_17' title='bbox 849 433 992 509; x_wconf 89' lang='lat' dir='ltr'>eloquen-</span> 
     </span>
     <span class='ocr_line' id='line_1_4' title="bbox 94 532 991 611; baseline 0.002 -20"><span class='ocrx_word' id='word_1_18' title='bbox 94 532 165 604; x_wconf 91' lang='lat' dir='ltr'>tiae,</span> <span class='ocrx_word' id='word_1_19' title='bbox 191 552 341 591; x_wconf 91' lang='lat' dir='ltr'>summam</span> <span class='ocrx_word' id='word_1_20' title='bbox 368 533 592 606; x_wconf 60' lang='lat' dir='ltr'>liberalitatem,</span> <span class='ocrx_word' id='word_1_21' title='bbox 625 544 766 611; x_wconf 88' lang='lat' dir='ltr'>magnam</span> <span class='ocrx_word' id='word_1_22' title='bbox 797 536 991 611; x_wconf 81' lang='lat' dir='ltr'>prudentiam</span> 
     </span>
     <span class='ocr_line' id='line_1_5' title="bbox 94 635 991 715; baseline 0.003 -21"><span class='ocrx_word' id='word_1_23' title='bbox 94 655 164 694; x_wconf 92' lang='lat' dir='ltr'>cum</span> <span class='ocrx_word' id='word_1_24' title='bbox 180 635 252 694; x_wconf 83' lang='lat' dir='ltr'>iaris</span> <span class='ocrx_word' id='word_1_25' title='bbox 268 637 366 695; x_wconf 92' lang='lat' dir='ltr'>civilis</span> <span class='ocrx_word' id='word_1_26' title='bbox 389 647 453 695; x_wconf 91' lang='lat' dir='ltr'>tum</span> <span class='ocrx_word' id='word_1_27' title='bbox 475 648 517 696; x_wconf 92' lang='lat' dir='ltr'>rei</span> <span class='ocrx_word' id='word_1_28' title='bbox 540 638 689 710; x_wconf 88' lang='lat' dir='ltr'>militaris,</span> <span class='ocrx_word' id='word_1_29' title='bbox 707 636 790 714; x_wconf 81' lang='lat' dir='ltr'>q&#39;uod</span> <span class='ocrx_word' id='word_1_30' title='bbox 814 658 882 697; x_wconf 92' lang='lat' dir='ltr'>cum</span> <span class='ocrx_word' id='word_1_31' title='bbox 905 649 991 715; x_wconf 86' lang='lat' dir='ltr'>patre</span> 
     </span>
     <span class='ocr_line' id='line_1_6' title="bbox 93 739 1040 816; baseline 0.003 -19"><span class='ocrx_word' id='word_1_32' title='bbox 93 747 224 814; x_wconf 81' lang='lat' dir='ltr'>apuera</span> <span class='ocrx_word' id='word_1_33' title='bbox 245 739 276 796; x_wconf 89' lang='lat' dir='ltr'>in</span> <span class='ocrx_word' id='word_1_34' title='bbox 296 740 481 799; x_wconf 85' lang='lat' dir='ltr'>exercitibus</span> <span class='ocrx_word' id='word_1_35' title='bbox 501 741 603 798; x_wconf 83' lang='lat' dir='ltr'>iuerat</span> <span class='ocrx_word' id='word_1_36' title='bbox 618 751 766 799; x_wconf 90' lang='lat' dir='ltr'>versatus.</span> <span class='ocrx_word' id='word_1_37' title='bbox 813 745 922 816; x_wconf 87' lang='lat' dir='ltr'>Itaque</span> <span class='ocrx_word' id='word_1_38' title='bbox 941 743 991 800; x_wconf 91' lang='lat' dir='ltr'>hic</span> <span class='ocrx_word' id='word_1_39' title='bbox 1027 757 1040 808; x_wconf 82' lang='grc'><strong><em>5</em></strong></span> 
     </span>
     <span class='ocr_line' id='line_1_7' title="bbox 93 843 990 922; baseline 0.006 -23"><span class='ocrx_word' id='word_1_40' title='bbox 93 852 124 899; x_wconf 92' lang='lat' dir='ltr'>et</span> <span class='ocrx_word' id='word_1_41' title='bbox 140 843 287 918; x_wconf 92' lang='lat' dir='ltr'>populum</span> <span class='ocrx_word' id='word_1_42' title='bbox 303 844 454 902; x_wconf 92' lang='lat' dir='ltr'>urbanum</span> <span class='ocrx_word' id='word_1_43' title='bbox 470 844 500 901; x_wconf 93' lang='lat' dir='ltr'>in</span> <span class='ocrx_word' id='word_1_44' title='bbox 518 853 573 902; x_wconf 91' lang='lat' dir='ltr'>sua</span> <span class='ocrx_word' id='word_1_45' title='bbox 586 844 684 902; x_wconf 90' lang='lat' dir='ltr'>tenuit</span> <span class='ocrx_word' id='word_1_46' title='bbox 698 853 853 920; x_wconf 89' lang='lat' dir='ltr'>potestate</span> <span class='ocrx_word' id='word_1_47' title='bbox 866 855 896 902; x_wconf 93' lang='lat' dir='ltr'>et</span> <span class='ocrx_word' id='word_1_48' title='bbox 908 847 990 922; x_wconf 90' lang='lat' dir='ltr'>apud</span> 
     </span>
    </p>

    <p class='ocr_par' dir='ltr' id='par_1_3' title="bbox 11 941 1040 1543">
     <span class='ocr_line' id='line_1_8' title="bbox 11 941 989 1022; baseline 0.007 -24"><span class='ocrx_word' id='word_1_49' title='bbox 11 941 14 948; x_wconf 89' lang='grc'><strong>’</strong></span> <span class='ocrx_word' id='word_1_50' title='bbox 60 945 261 1004; x_wconf 85' lang='lat' dir='ltr'>2exercitum</span> <span class='ocrx_word' id='word_1_51' title='bbox 290 947 451 1022; x_wconf 86' lang='lat' dir='ltr'>phirimum</span> <span class='ocrx_word' id='word_1_52' title='bbox 481 947 575 1005; x_wconf 91' lang='lat' dir='ltr'>valuit</span> <span class='ocrx_word' id='word_1_53' title='bbox 605 948 796 1006; x_wconf 82' lang='lat' dir='ltr'>aucteritate.</span> <span class='ocrx_word' id='word_1_54' title='bbox 857 951 989 1006; x_wconf 90' lang='lat' dir='ltr'>Primum</span> 
     </span>
     <span class='ocr_line' id='line_1_9' title="bbox 94 1049 990 1129; baseline 0.007 -23"><span class='ocrx_word' id='word_1_55' title='bbox 94 1049 261 1125; x_wconf 80' lang='lat' dir='ltr'>imperator</span> <span class='ocrx_word' id='word_1_56' title='bbox 284 1050 367 1125; x_wconf 91' lang='lat' dir='ltr'>apud</span> <span class='ocrx_word' id='word_1_57' title='bbox 392 1050 505 1108; x_wconf 79' lang='lat' dir='ltr'>flumen</span> <span class='ocrx_word' id='word_1_58' title='bbox 533 1053 696 1128; x_wconf 73' lang='lat' dir='ltr'>Strymona</span> <span class='ocrx_word' id='word_1_59' title='bbox 725 1061 854 1128; x_wconf 85' lang='lat' dir='ltr'>magnas</span> <span class='ocrx_word' id='word_1_60' title='bbox 884 1053 990 1129; x_wconf 81' lang='lat' dir='ltr'>capias</span> 
     </span>
     <span class='ocr_line' id='line_1_10' title="bbox 94 1152 990 1231; baseline 0.007 -22"><span class='ocrx_word' id='word_1_61' title='bbox 94 1153 250 1211; x_wconf 89' lang='lat' dir='ltr'>Thracum</span> <span class='ocrx_word' id='word_1_62' title='bbox 275 1152 402 1229; x_wconf 84' lang='lat' dir='ltr'>fugavit,</span> <span class='ocrx_word' id='word_1_63' title='bbox 425 1154 573 1229; x_wconf 91' lang='lat' dir='ltr'>oppidum</span> <span class='ocrx_word' id='word_1_64' title='bbox 596 1155 806 1231; x_wconf 87' lang='lat' dir='ltr'>Amphipolim</span> <span class='ocrx_word' id='word_1_65' title='bbox 829 1156 990 1215; x_wconf 80' lang='lat' dir='ltr'>canstituit</span> 
     </span>
     <span class='ocr_line' id='line_1_11' title="bbox 94 1256 1040 1331; baseline 0.003 -17"><span class='ocrx_word' id='word_1_66' title='bbox 94 1263 194 1331; x_wconf 79' lang='lat' dir='ltr'>eaque</span> <span class='ocrx_word' id='word_1_67' title='bbox 209 1257 316 1314; x_wconf 86' lang='lat' dir='ltr'>decem</span> <span class='ocrx_word' id='word_1_68' title='bbox 332 1256 415 1314; x_wconf 88' lang='lat' dir='ltr'>milia</span> <span class='ocrx_word' id='word_1_69' title='bbox 426 1258 661 1316; x_wconf 68' lang='lat' dir='ltr'>Atheniensium</span> <span class='ocrx_word' id='word_1_70' title='bbox 677 1258 707 1315; x_wconf 92' lang='lat' dir='ltr'>in</span> <span class='ocrx_word' id='word_1_71' title='bbox 724 1259 876 1317; x_wconf 83' lang='lat' dir='ltr'>colaniam</span> <span class='ocrx_word' id='word_1_72' title='bbox 897 1261 987 1318; x_wconf 88' lang='lat' dir='ltr'>misit.</span> <span class='ocrx_word' id='word_1_73' title='bbox 1011 1283 1040 1317; x_wconf 90' lang='lat'>10</span> 
     </span>
     <span class='ocr_line' id='line_1_12' title="bbox 91 1353 1032 1440; baseline 0.004 -23"><span class='ocrx_word' id='word_1_74' title='bbox 91 1353 183 1419; x_wconf 78' lang='lat' dir='ltr'>ldem</span> <span class='ocrx_word' id='word_1_75' title='bbox 199 1360 308 1418; x_wconf 90' lang='lat' dir='ltr'>iterum</span> <span class='ocrx_word' id='word_1_76' title='bbox 324 1361 406 1436; x_wconf 91' lang='lat' dir='ltr'>apud</span> <span class='ocrx_word' id='word_1_77' title='bbox 432 1362 576 1439; x_wconf 90' lang='lat' dir='ltr'>Mycalen</span> <span class='ocrx_word' id='word_1_78' title='bbox 602 1363 782 1440; x_wconf 70' lang='lat' dir='ltr'>Cypriorum</span> <span class='ocrx_word' id='word_1_79' title='bbox 807 1373 837 1420; x_wconf 93' lang='lat' dir='ltr'>et</span> <span class='ocrx_word' id='word_1_80' title='bbox 862 1364 989 1422; x_wconf 90' lang='lat' dir='ltr'>Phoeni·</span> <span class='ocrx_word' id='word_1_81' title='bbox 1030 1373 1032 1376; x_wconf 69' lang='lat'>‘</span> 
     </span>
     <span class='ocr_line' id='line_1_13' title="bbox 94 1465 989 1543; baseline 0.002 -21"><span class='ocrx_word' id='word_1_82' title='bbox 94 1482 163 1522; x_wconf 91' lang='lat' dir='ltr'>cum</span> <span class='ocrx_word' id='word_1_83' title='bbox 193 1465 394 1522; x_wconf 90' lang='lat' dir='ltr'>ducentarum</span> <span class='ocrx_word' id='word_1_84' title='bbox 424 1465 546 1522; x_wconf 91' lang='lat' dir='ltr'>navium</span> <span class='ocrx_word' id='word_1_85' title='bbox 573 1466 702 1524; x_wconf 88' lang='lat' dir='ltr'>classem</span> <span class='ocrx_word' id='word_1_86' title='bbox 730 1466 881 1524; x_wconf 86' lang='lat' dir='ltr'>devictam</span> <span class='ocrx_word' id='word_1_87' title='bbox 909 1467 989 1543; x_wconf 81' lang='lat' dir='ltr'>cepit</span> 
     </span>
    </p>

    <p class='ocr_par' dir='ltr' id='par_1_4' title="bbox 59 1567 1038 1850">
     <span class='ocr_line' id='line_1_14' title="bbox 59 1567 989 1644; baseline 0.005 -22"><span class='ocrx_word' id='word_1_88' title='bbox 59 1573 76 1622; x_wconf 88' lang='grc'>3</span> <span class='ocrx_word' id='word_1_89' title='bbox 94 1568 266 1643; x_wconf 83' lang='lat' dir='ltr'>eademque</span> <span class='ocrx_word' id='word_1_90' title='bbox 282 1567 332 1626; x_wconf 90' lang='lat' dir='ltr'>die</span> <span class='ocrx_word' id='word_1_91' title='bbox 348 1577 414 1644; x_wconf 91' lang='lat' dir='ltr'>pari</span> <span class='ocrx_word' id='word_1_92' title='bbox 428 1568 551 1626; x_wconf 82' lang='lat' dir='ltr'>fartana</span> <span class='ocrx_word' id='word_1_93' title='bbox 567 1569 597 1625; x_wconf 95' lang='lat' dir='ltr'>in</span> <span class='ocrx_word' id='word_1_94' title='bbox 613 1578 694 1628; x_wconf 92' lang='lat' dir='ltr'>terra</span> <span class='ocrx_word' id='word_1_95' title='bbox 709 1579 782 1628; x_wconf 77' lang='lat' dir='ltr'>risus</span> <span class='ocrx_word' id='word_1_96' title='bbox 798 1581 852 1629; x_wconf 90' lang='lat' dir='ltr'>est.</span> <span class='ocrx_word' id='word_1_97' title='bbox 899 1573 989 1628; x_wconf 90' lang='lat' dir='ltr'>Nam—</span> 
     </span>
     <span class='ocr_line' id='line_1_15' title="bbox 94 1670 988 1749; baseline 0.006 -22"><span class='ocrx_word' id='word_1_98' title='bbox 94 1690 154 1746; x_wconf 90' lang='lat' dir='ltr'>que</span> <span class='ocrx_word' id='word_1_99' title='bbox 169 1670 304 1729; x_wconf 89' lang='lat' dir='ltr'>hostium</span> <span class='ocrx_word' id='word_1_100' title='bbox 321 1671 451 1729; x_wconf 88' lang='lat' dir='ltr'>navibus</span> <span class='ocrx_word' id='word_1_101' title='bbox 467 1681 564 1747; x_wconf 88' lang='lat' dir='ltr'>captis</span> <span class='ocrx_word' id='word_1_102' title='bbox 581 1673 683 1730; x_wconf 86' lang='lat' dir='ltr'>statim</span> <span class='ocrx_word' id='word_1_103' title='bbox 706 1692 744 1730; x_wconf 92' lang='lat' dir='ltr'>ex</span> <span class='ocrx_word' id='word_1_104' title='bbox 763 1674 862 1731; x_wconf 89' lang='lat' dir='ltr'>classe</span> <span class='ocrx_word' id='word_1_105' title='bbox 883 1674 988 1749; x_wconf 80' lang='lat' dir='ltr'>capias</span> 
     </span>
     <span class='ocr_line' id='line_1_16' title="bbox 94 1774 1038 1850; baseline 0.004 -17"><span class='ocrx_word' id='word_1_106' title='bbox 94 1783 166 1833; x_wconf 92' lang='lat' dir='ltr'>suas</span> <span class='ocrx_word' id='word_1_107' title='bbox 182 1775 287 1833; x_wconf 82' lang='lat' dir='ltr'>eduxit</span> <span class='ocrx_word' id='word_1_108' title='bbox 302 1774 562 1850; x_wconf 86' lang='lat' dir='ltr'>barbararumque</span> <span class='ocrx_word' id='word_1_109' title='bbox 579 1777 740 1834; x_wconf 80' lang='lat' dir='ltr'>maximam</span> <span class='ocrx_word' id='word_1_110' title='bbox 756 1777 816 1833; x_wconf 90' lang='lat' dir='ltr'>vim</span> <span class='ocrx_word' id='word_1_111' title='bbox 836 1785 896 1836; x_wconf 81' lang='lat' dir='ltr'>ana</span> <span class='ocrx_word' id='word_1_112' title='bbox 919 1797 988 1834; x_wconf 92' lang='lat' dir='ltr'>con·</span> <span class='ocrx_word' id='word_1_113' title='bbox 1009 1786 1038 1837; x_wconf 82' lang='lat'>15</span> 
     </span>
    </p>

    <p class='ocr_par' dir='ltr' id='par_1_5' title="bbox 60 1877 988 2260">
     <span class='ocr_line' id='line_1_17' title="bbox 60 1877 988 1957; baseline 0.006 -26"><span class='ocrx_word' id='word_1_114' title='bbox 60 1884 76 1931; x_wconf 89' lang='grc'>4</span> <span class='ocrx_word' id='word_1_115' title='bbox 93 1887 184 1936; x_wconf 82' lang='lat' dir='ltr'>cursa</span> <span class='ocrx_word' id='word_1_116' title='bbox 199 1877 373 1954; x_wconf 83' lang='lat' dir='ltr'>prostravit.</span> <span class='ocrx_word' id='word_1_117' title='bbox 418 1879 488 1951; x_wconf 86' lang='lat' dir='ltr'>Qua</span> <span class='ocrx_word' id='word_1_118' title='bbox 504 1879 631 1938; x_wconf 81' lang='lat' dir='ltr'>victaria</span> <span class='ocrx_word' id='word_1_119' title='bbox 647 1889 758 1956; x_wconf 87' lang='lat' dir='ltr'>magna</span> <span class='ocrx_word' id='word_1_120' title='bbox 776 1882 890 1956; x_wconf 89' lang='lat' dir='ltr'>praeda</span> <span class='ocrx_word' id='word_1_121' title='bbox 914 1890 988 1957; x_wconf 89' lang='lat' dir='ltr'>poti-</span> 
     </span>
     <span class='ocr_line' id='line_1_18' title="bbox 93 1982 987 2059; baseline 0.001 -19"><span class='ocrx_word' id='word_1_122' title='bbox 93 1992 235 2040; x_wconf 88' lang='lat' dir='ltr'>tuscum</span> <span class='ocrx_word' id='word_1_123' title='bbox 258 1982 383 2040; x_wconf 92' lang='lat' dir='ltr'>domum</span> <span class='ocrx_word' id='word_1_124' title='bbox 406 1990 615 2055; x_wconf 84' lang='lat' dir='ltr'>reverteretur,</span> <span class='ocrx_word' id='word_1_125' title='bbox 634 1984 716 2059; x_wconf 92' lang='lat' dir='ltr'>quod</span> <span class='ocrx_word' id='word_1_126' title='bbox 739 1983 798 2040; x_wconf 87' lang='lat' dir='ltr'>iam</span> <span class='ocrx_word' id='word_1_127' title='bbox 822 1985 987 2043; x_wconf 71' lang='lat' dir='ltr'>nonnullae</span> 
     </span>
     <span class='ocr_line' id='line_1_19' title="bbox 94 2085 987 2162; baseline 0.002 -19"><span class='ocrx_word' id='word_1_128' title='bbox 94 2086 212 2144; x_wconf 90' lang='lat' dir='ltr'>insulae</span> <span class='ocrx_word' id='word_1_129' title='bbox 229 2094 355 2161; x_wconf 83' lang='lat' dir='ltr'>propter</span> <span class='ocrx_word' id='word_1_130' title='bbox 370 2085 568 2144; x_wconf 90' lang='lat' dir='ltr'>acerbitatem</span> <span class='ocrx_word' id='word_1_131' title='bbox 585 2086 692 2162; x_wconf 92' lang='lat' dir='ltr'>imperi</span> <span class='ocrx_word' id='word_1_132' title='bbox 708 2088 891 2159; x_wconf 80' lang='lat' dir='ltr'>defecerant,</span> <span class='ocrx_word' id='word_1_133' title='bbox 908 2089 987 2147; x_wconf 92' lang='lat' dir='ltr'>bene</span> 
     </span>
     <span class='ocr_line' id='line_1_20' title="bbox 94 2188 987 2260; baseline 0.003 -14"><span class='ocrx_word' id='word_1_134' title='bbox 94 2189 247 2248; x_wconf 89' lang='lat' dir='ltr'>animatas</span> <span class='ocrx_word' id='word_1_135' title='bbox 270 2188 472 2260; x_wconf 80' lang='lat' dir='ltr'>ceniirmavit,</span> <span class='ocrx_word' id='word_1_136' title='bbox 498 2189 647 2248; x_wconf 89' lang='lat' dir='ltr'>alienatas</span> <span class='ocrx_word' id='word_1_137' title='bbox 670 2190 710 2248; x_wconf 92' lang='lat' dir='ltr'>ad</span> <span class='ocrx_word' id='word_1_138' title='bbox 732 2191 863 2248; x_wconf 88' lang='lat' dir='ltr'>officium</span> <span class='ocrx_word' id='word_1_139' title='bbox 890 2193 987 2249; x_wconf 91' lang='lat' dir='ltr'>redire</span> 
     </span>
    </p>

    <p class='ocr_par' dir='ltr' id='par_1_6' title="bbox 60 2284 1065 2886">
     <span class='ocr_line' id='line_1_21' title="bbox 60 2284 1065 2371; baseline 0 -24"><span class='ocrx_word' id='word_1_140' title='bbox 60 2299 76 2347; x_wconf 82' lang='lat'>5</span> <span class='ocrx_word' id='word_1_141' title='bbox 93 2293 202 2370; x_wconf 88' lang='lat' dir='ltr'>coegit.</span> <span class='ocrx_word' id='word_1_142' title='bbox 249 2294 384 2371; x_wconf 76' lang='lat' dir='ltr'>Scyrum,</span> <span class='ocrx_word' id='word_1_143' title='bbox 402 2312 493 2368; x_wconf 90' lang='lat' dir='ltr'>quam</span> <span class='ocrx_word' id='word_1_144' title='bbox 509 2301 545 2352; x_wconf 82' lang='lat' dir='ltr'>ea</span> <span class='ocrx_word' id='word_1_145' title='bbox 561 2302 697 2369; x_wconf 86' lang='lat' dir='ltr'>tempore</span> <span class='ocrx_word' id='word_1_146' title='bbox 721 2294 858 2369; x_wconf 92' lang='lat' dir='ltr'>Dolopes</span> <span class='ocrx_word' id='word_1_147' title='bbox 879 2295 988 2353; x_wconf 87' lang='lat' dir='ltr'>incole·</span> <span class='ocrx_word' id='word_1_148' title='bbox 1008 2315 1039 2348; x_wconf 92' lang='lat'>20</span> <span class='ocrx_word' id='word_1_149' title='bbox 1062 2284 1065 2289; x_wconf 68' lang='grc'><strong>’</strong></span> 
     </span>
     <span class='ocr_line' id='line_1_22' title="bbox 93 2395 986 2473; baseline 0.001 -18"><span class='ocrx_word' id='word_1_150' title='bbox 93 2397 177 2469; x_wconf 86' lang='lat' dir='ltr'>bant,</span> <span class='ocrx_word' id='word_1_151' title='bbox 205 2396 288 2472; x_wconf 93' lang='lat' dir='ltr'>quod</span> <span class='ocrx_word' id='word_1_152' title='bbox 315 2395 526 2454; x_wconf 91' lang='lat' dir='ltr'>contumacius</span> <span class='ocrx_word' id='word_1_153' title='bbox 557 2404 589 2454; x_wconf 92' lang='lat' dir='ltr'>se</span> <span class='ocrx_word' id='word_1_154' title='bbox 615 2406 783 2473; x_wconf 88' lang='lat' dir='ltr'>gesserant,</span> <span class='ocrx_word' id='word_1_155' title='bbox 807 2399 986 2470; x_wconf 79' lang='lat' dir='ltr'>vacuefecit,</span> 
     </span>
     <span class='ocr_line' id='line_1_23' title="bbox 93 2500 987 2576; baseline 0.001 -18"><span class='ocrx_word' id='word_1_156' title='bbox 93 2507 231 2559; x_wconf 80' lang='lat' dir='ltr'>sessares</span> <span class='ocrx_word' id='word_1_157' title='bbox 246 2507 365 2558; x_wconf 91' lang='lat' dir='ltr'>veteres</span> <span class='ocrx_word' id='word_1_158' title='bbox 382 2500 456 2557; x_wconf 92' lang='lat' dir='ltr'>urbe</span> <span class='ocrx_word' id='word_1_159' title='bbox 472 2500 632 2576; x_wconf 82' lang='lat' dir='ltr'>insulaque</span> <span class='ocrx_word' id='word_1_160' title='bbox 648 2501 745 2571; x_wconf 88' lang='lat' dir='ltr'>eiecit,</span> <span class='ocrx_word' id='word_1_161' title='bbox 764 2509 853 2576; x_wconf 81' lang='lat' dir='ltr'>agras</span> <span class='ocrx_word' id='word_1_162' title='bbox 871 2501 987 2559; x_wconf 89' lang='lat' dir='ltr'>civibus</span> 
     </span>
     <span class='ocr_line' id='line_1_24' title="bbox 93 2601 986 2680; baseline 0.002 -20"><span class='ocrx_word' id='word_1_163' title='bbox 93 2603 206 2661; x_wconf 91' lang='lat' dir='ltr'>divisit.</span> <span class='ocrx_word' id='word_1_164' title='bbox 241 2601 382 2661; x_wconf 72' lang='lat' dir='ltr'>=Thasies</span> <span class='ocrx_word' id='word_1_165' title='bbox 395 2602 553 2678; x_wconf 92' lang='lat' dir='ltr'>opulentia</span> <span class='ocrx_word' id='word_1_166' title='bbox 564 2603 660 2661; x_wconf 82' lang='lat' dir='ltr'>fretos</span> <span class='ocrx_word' id='word_1_167' title='bbox 673 2611 729 2662; x_wconf 82' lang='lat' dir='ltr'>suo</span> <span class='ocrx_word' id='word_1_168' title='bbox 742 2604 875 2662; x_wconf 78' lang='lat' dir='ltr'>adventii</span> <span class='ocrx_word' id='word_1_169' title='bbox 887 2605 986 2680; x_wconf 80' lang='lat' dir='ltr'>fregit.</span> 
     </span>
     <span class='ocr_line' id='line_1_25' title="bbox 95 2705 986 2782; baseline 0.002 -20"><span class='ocrx_word' id='word_1_170' title='bbox 95 2707 155 2765; x_wconf 91' lang='lat' dir='ltr'>His</span> <span class='ocrx_word' id='word_1_171' title='bbox 171 2725 208 2765; x_wconf 89' lang='lat' dir='ltr'>ex</span> <span class='ocrx_word' id='word_1_172' title='bbox 223 2705 377 2764; x_wconf 88' lang='lat' dir='ltr'>manubiis</span> <span class='ocrx_word' id='word_1_173' title='bbox 400 2725 452 2762; x_wconf 91' lang='lat' dir='ltr'>arx</span> <span class='ocrx_word' id='word_1_174' title='bbox 468 2706 667 2778; x_wconf 86' lang='lat' dir='ltr'>Athenarum,</span> <span class='ocrx_word' id='word_1_175' title='bbox 685 2715 745 2782; x_wconf 92' lang='lat' dir='ltr'>qua</span> <span class='ocrx_word' id='word_1_176' title='bbox 768 2708 807 2765; x_wconf 92' lang='lat' dir='ltr'>ad</span> <span class='ocrx_word' id='word_1_177' title='bbox 830 2708 986 2765; x_wconf 88' lang='lat' dir='ltr'>meridiem</span> 
     </span>
     <span class='ocr_line' id='line_1_26' title="bbox 92 2809 1036 2886; baseline -0.001 -19"><span class='ocrx_word' id='word_1_178' title='bbox 92 2809 198 2886; x_wconf 89' lang='lat' dir='ltr'>vergit,</span> <span class='ocrx_word' id='word_1_179' title='bbox 215 2818 263 2867; x_wconf 90' lang='lat' dir='ltr'>est</span> <span class='ocrx_word' id='word_1_180' title='bbox 278 2816 395 2867; x_wconf 85' lang='lat' dir='ltr'>arnata.</span> <span class='ocrx_word' id='word_1_181' title='bbox 421 2858 423 2863; x_wconf 92' lang='lat'><em>.</em></span> <span class='ocrx_word' id='word_1_182' title='bbox 783 2833 784 2836; x_wconf 42' lang='lat'>¹</span> <span class='ocrx_word' id='word_1_183' title='bbox 1007 2825 1019 2857; x_wconf 86' lang='lat'>2</span> <span class='ocrx_word' id='word_1_184' title='bbox 1025 2823 1036 2874; x_wconf 85' lang='lat'><strong>5</strong></span> 
     </span>
    </p>
   </div>
   <div class='ocr_carea' id='block_1_3' title="bbox 91 3023 988 3255">
    <p class='ocr_par' dir='ltr' id='par_1_7' title="bbox 91 3023 988 3255">
     <span class='ocr_line' id='line_1_27' title="bbox 135 3023 988 3088; baseline 0 -14"><span class='ocrx_word' id='word_1_185' title='bbox 135 3037 144 3083; x_wconf 76' lang='grc' dir='ltr'>Ι</span> <span class='ocrx_word' id='word_1_186' title='bbox 167 3023 299 3086; x_wconf 71' lang='grc' dir='ltr'>οῦδῒόᾶίῖὶ,</span> <span class='ocrx_word' id='word_1_187' title='bbox 313 3024 431 3071; x_wconf 78' lang='lat' dir='ltr'>vinculis.</span> <span class='ocrx_word' id='word_1_188' title='bbox 441 3051 473 3058; x_wconf 96' lang='lat'><em>-</em></span> <span class='ocrx_word' id='word_1_189' title='bbox 485 3036 513 3086; x_wconf 84' lang='lat'>15</span> <span class='ocrx_word' id='word_1_190' title='bbox 531 3024 634 3088; x_wconf 77' lang='lat' dir='ltr'>e‘di&#39;lxit,</span> <span class='ocrx_word' id='word_1_191' title='bbox 650 3025 812 3085; x_wconf 75' lang='lat' dir='ltr'>exposm&#39;t.—</span> <span class='ocrx_word' id='word_1_192' title='bbox 825 3023 854 3071; x_wconf 81' lang='lat'>16</span> <span class='ocrx_word' id='word_1_193' title='bbox 870 3026 988 3087; x_wconf 62' lang='lat' dir='ltr'>pisistra-</span> 
     </span>
     <span class='ocr_line' id='line_1_28' title="bbox 92 3106 987 3171; baseline -0.006 -15"><span class='ocrx_word' id='word_1_194' title='bbox 92 3106 142 3171; x_wconf 81' lang='lat' dir='ltr'>vit,</span> <span class='ocrx_word' id='word_1_195' title='bbox 154 3107 320 3171; x_wconf 59' lang='lat' dir='ltr'>finit-22</span> <span class='ocrx_word' id='word_1_196' title='bbox 339 3107 465 3170; x_wconf 82' lang='lat' dir='ltr'>sessares,</span> <span class='ocrx_word' id='word_1_197' title='bbox 479 3107 624 3153; x_wconf 80' lang='lat' dir='ltr'>incolas.—</span> <span class='ocrx_word' id='word_1_198' title='bbox 635 3121 666 3169; x_wconf 82' lang='lat'>23</span> <span class='ocrx_word' id='word_1_199' title='bbox 683 3107 833 3170; x_wconf 83' lang='lat' dir='ltr'>opulentia,</span> <span class='ocrx_word' id='word_1_200' title='bbox 853 3108 944 3166; x_wconf 79' lang='lat' dir='ltr'>opibus.</span> <span class='ocrx_word' id='word_1_201' title='bbox 955 3135 987 3141; x_wconf 88' lang='lat'><em>-</em></span> 
     </span>
     <span class='ocr_line' id='line_1_29' title="bbox 91 3187 626 3255; baseline -0.004 -18"><span class='ocrx_word' id='word_1_202' title='bbox 91 3187 183 3255; x_wconf 76' lang='lat' dir='ltr'>fregit,</span> <span class='ocrx_word' id='word_1_203' title='bbox 197 3189 325 3251; x_wconf 77' lang='lat' dir='ltr'>oppressit.</span> <span class='ocrx_word' id='word_1_204' title='bbox 335 3216 369 3224; x_wconf 98' lang='lat'>—</span> <span class='ocrx_word' id='word_1_205' title='bbox 379 3202 409 3252; x_wconf 84' lang='lat'>25</span> <span class='ocrx_word' id='word_1_206' title='bbox 426 3189 526 3252; x_wconf 80' lang='lat' dir='ltr'>vergit,</span> <span class='ocrx_word' id='word_1_207' title='bbox 540 3191 626 3236; x_wconf 80' lang='lat' dir='ltr'>tendit.</span> 
     </span>
    </p>
   </div>
   <div class='ocr_carea' id='block_1_4' title="bbox 0 0 1152 3638">
    <p class='ocr_par' dir='ltr' id='par_1_8' title="bbox 0 0 1152 3638">
     <span class='ocr_line' id='line_1_30' title="bbox 0 0 1152 3638; baseline 0 0"><span class='ocrx_word' id='word_1_208' title='bbox 0 0 1152 3638; x_wconf 95' lang='lat' dir='ltr'> </span> 
     </span>
    </p>
   </div>
  </div>
 </body>
</html>
