2294 3638
466 754 646 837 Cliton

70 989 91 1045 1
150 986 270 1055 Cruun,
294 983 444 1041 Miltiadis
459 983 552 1055 filius,
575 984 784 1057 Atheniensis,
802 986 879 1045 dure
904 981 1021 1044 admn‘

108 1089 178 1145 dum
197 1087 283 1146 initii>
299 1097 372 1146 usus
389 1097 436 1144 est
452 1087 691 1146 adulescentiae.
738 1090 818 1145 Nam
834 1108 904 1147 curn
920 1098 1003 1165 pater

108 1192 173 1249 eius
190 1191 273 1248 litem
290 1190 483 1260 aestimatam
499 1191 614 1267 popule
633 1190 750 1249 solvere
772 1199 834 1250 nen
855 1191 1004 1268 potuisset

109 1296 148 1353 ob
165 1313 292 1368 eamque
317 1313 441 1352 causam
463 1293 493 1350 in
515 1293 625 1352 vinclis
651 1293 782 1370 publicis
808 1295 1002 1366 decessisset,

111 1398 220 1456 Cimun
250 1399 358 1456 eadem
389 1397 531 1456 custudiai
562 1399 726 1456 tenebatur
755 1416 855 1473 neque
888 1398 1005 1476 legibus
1039 1415 1050 1467 5

111 1501 344 1559 Atheniensium
375 1500 472 1558 emitti
502 1510 631 1576 poterat,
663 1500 722 1558 nisi
754 1501 917 1576 pecuniam
947 1510 1005 1577 qua

75 1615 196 1680 2pater
219 1604 364 1661 multatus
387 1614 460 1676 erat,
481 1604 633 1663 solvisset.
680 1605 828 1663 Habebat
851 1615 954 1664 autem
976 1605 1005 1661 in

111 1708 306 1767 matrimuniu
322 1715 456 1765 sorerem
472 1717 649 1784 germanam
671 1727 766 1780 suam,
783 1709 907 1767 nemine
929 1708 1007 1786 Elpi-

111 1819 209 1882 nicen,
228 1819 289 1869 nun
306 1810 403 1886 magis
419 1819 521 1869 amere
546 1830 637 1887 quam
660 1820 743 1871 mere
766 1812 897 1871 ductus:
927 1831 1007 1870 nam·

112 1935 170 1990 que
188 1914 430 1972 Atheniensibus
446 1915 517 1991 lieet
541 1915 651 1974 eedem
675 1925 761 1992 patre
785 1924 875 1974 nutas
899 1922 1006 1975 uxeres
1026 1935 1054 1969 ro

77 2020 231 2080 3ducere.
287 2017 387 2075 Huius
415 2018 538 2094 coniugi
568 2019 698 2094 cupidus
729 2017 844 2077 Callias
874 2020 1006 2095 quidam,

113 2131 174 2181 nun
198 2132 259 2180 tam
285 2129 453 2197 generosus
481 2141 573 2197 quam
596 2121 791 2198 pecuniesus,
808 2131 860 2198 qui
881 2130 1007 2199 magnas

112 2225 259 2301 pecunias
282 2244 319 2282 ex
342 2226 473 2282 metallis
496 2226 619 2296 fecerat,
638 2225 699 2301 egit
726 2234 794 2282 eum
822 2225 951 2284 Cimene
978 2233 1008 2282 ut

113 2349 179 2387 eam
203 2327 261 2386 sibi
284 2335 407 2385 uxerem
431 2329 538 2385 daret:
572 2328 602 2386 id
629 2337 654 2385 si
675 2327 878 2402 impetrusset,
896 2335 929 2386 se
955 2335 1009 2404 pre

66 2424 95 2483 '4
114 2433 165 2491 illu
188 2430 349 2507 pecuniam
374 2418 550 2488 soluturum.
597 2434 628 2488 Is
651 2450 719 2487 cum
740 2431 832 2488 talem
857 2431 1009 2490 condiciu
1030 2438 1055 2488 15

115 2555 184 2593 nem
214 2542 438 2610 aspernaretur,
468 2534 605 2609 Elpinice
636 2533 758 2609 negavit
789 2541 822 2591 se
851 2544 1010 2610 passuram

117 2638 267 2696 Miltiadis
284 2637 462 2714 pregeniem
480 2637 509 2692 in
523 2637 631 2695 vinclis
647 2637 777 2711 publicis
794 2637 926 2709 interire,
941 2656 1011 2713 quo-

115 2742 197 2799 niam
220 2742 381 2818 prohibere
404 2751 518 2816 posset,
540 2748 634 2815 seque
659 2739 775 2798 Calliae
798 2749 969 2815 nupturam,
986 2748 1012 2796 si

115 2866 151 2903 ea
168 2865 245 2920 quae
262 2846 456 2921 polliceretur
471 2843 683 2918 praestitisset.

157 3054 172 3099 4
190 3039 360 3101 decessisset,
385 3045 500 3084 mortuus
523 3044 633 3082 esset.—
649 3051 676 3082 12
696 3037 849 3100 generdsus,
875 3038 1013 3084 nubilis.—

116 3123 287 3188 pecuniusus,
300 3123 375 3168 dives.
385 3149 418 3155 —
431 3133 459 3178 14
478 3119 661 3181 impetrasset,
672 3119 777 3178 <niptris
789 3126 855 3165 esset.
865 3148 898 3154 —
908 3133 936 3180 17
955 3119 1014 3182 pru-

116 3207 231 3271 geniem,
244 3207 346 3268 fllium.
