2294 3638
385 183 619 233 lacrumans.
653 199 678 245 4,
693 197 714 250 5·
966 185 998 236 33

100 349 212 410 simum
225 361 307 409 ratus
319 350 548 427 impendentem
561 352 675 412 evitare
687 361 909 429 tempestatem,
921 354 999 412 clam

100 461 135 513 se
156 455 196 513 ab
214 454 394 514 cristedibus
412 455 556 514 subduxit
576 466 606 515 et
626 455 699 516 inde
719 465 849 532 primum
871 448 997 529 Elidem,

66 557 174 616 5dein
204 557 329 618 Thebas
357 557 449 618 venit.
499 562 665 636 Postquam
695 570 797 620 autem
827 567 860 618 se
889 560 998 636 capitis

101 661 280 720 damnetum
298 663 388 721 bonis
407 661 570 738 publicetis
591 663 715 735 audivit,
732 672 771 735 et,
788 662 820 722 id
840 663 923 738 quod
943 673 1000 722 irsr'r

100 772 236 837 venerat,
249 765 446 841 Eumolpidas
462 766 639 825 sacerdotes
654 775 672 825 e
687 767 802 844 popule
821 775 946 826 coactes
966 776 999 825 ut
1033 783 1046 833 5

101 875 135 926 se
151 868 346 940 devoverent,
360 868 488 947 eiusque
504 869 677 930 devetienis
689 878 751 945 que
763 870 902 929 testatior
916 880 1000 929 esset

102 971 257 1044 memoria,
284 973 456 1048 exemplum
482 972 514 1031 in
539 972 601 1049 pile
627 973 749 1049 lapidee
774 973 904 1033 incisum
930 993 998 1033 esse

101 1075 236 1150 positum
272 1075 304 1133 in
339 1075 472 1152 publice,
506 1077 771 1135 Lacedaemonem
808 1077 996 1153 demigravit.

66 1178 160 1251 6Ibi,
192 1188 226 1237 ut
254 1178 321 1254 ipse
349 1179 528 1255 praedicere
557 1187 728 1253 censuerat,
759 1187 821 1240 nen
852 1181 999 1240 adversus

101 1281 241 1358 patriam,
255 1282 311 1341 sed
323 1281 464 1342 inimices
476 1291 549 1342 sues
561 1284 676 1343 bellum
690 1284 793 1360 gessit,
808 1285 891 1360 quod
906 1284 999 1344 iidem
1020 1305 1047 1340 10

101 1385 208 1445 hostes
234 1395 338 1446 essent
362 1385 499 1446 civitetI:
530 1406 600 1444 nam
626 1406 695 1446 cum
725 1379 937 1464 intellegerent
966 1395 1006 1453 se

101 1488 264 1566 plurimum
279 1490 427 1566 predesse
443 1509 536 1566 posse
552 1499 596 1549 rei
611 1490 760 1566 publicae,
773 1510 810 1549 ex
822 1500 859 1550 ee
871 1491 999 1550 eiecisse

101 1594 232 1670 plirsque
247 1602 310 1652 irae
326 1612 400 1652 suae
416 1613 507 1669 quam
528 1592 650 1652 utilitati
673 1604 826 1653 communi
849 1595 997 1671 paruisse.

66 1703 84 1754 ’1
103 1700 212 1773 Itaque
227 1697 318 1757 huius
334 1696 464 1757 censilie
481 1698 720 1757 Lacedaemonii
735 1718 803 1756 cum
821 1701 913 1757 Perse
928 1706 999 1775 rege

101 1800 267 1860 amicitiam
283 1802 430 1873 fecerunt,
448 1800 519 1860 dein
536 1802 702 1860 Deceleam
717 1801 748 1858 in
765 1802 868 1860 Attice
887 1802 1000 1861 mimie-
1020 1826 1050 1876 15

100 1914 173 1964 runt
187 1904 406 1982 praesidieque
424 1904 467 1963 ibi
489 1912 638 1981 perpetue
660 1905 761 1981 posite
783 1905 815 1963 in
836 1905 999 1965 obsidiene

101 2011 243 2070 Athenas
258 2017 430 2070 tenuerunt.
474 2002 621 2070 Eiusdem
633 2019 727 2086 opere
744 2010 863 2069 leniam
875 2020 893 2069 e
906 2011 1000 2069 socie·

100 2123 166 2173 tete
194 2121 371 2173 averterunt
400 2113 644 2173 Atheniensium.
690 2113 761 2186 Que
791 2114 874 2173 facte
903 2114 999 2173 multe

101 2216 275 2293 superieres
291 2217 372 2277 belle
387 2236 455 2277 esse
471 2224 647 2294 coeperunt.

60 2315 84 2374 5
144 2323 255 2396 Neque
273 2328 346 2381 vere
367 2322 416 2380 his
438 2321 529 2379 rebus
555 2329 617 2378 tam
644 2329 733 2379 amici
752 2320 905 2380 Alcibiadi
929 2330 1000 2380 sunt
1019 2346 1049 2379 20

99 2426 176 2483 facti
191 2444 283 2500 quam
299 2424 407 2484 timere
423 2425 462 2483 ab
478 2431 515 2484 ee
531 2423 665 2483 alienati.
711 2426 792 2482 Nam
808 2443 876 2483 cum
892 2425 999 2484 ecerri-

99 2536 142 2585 mi
162 2527 219 2585 viri
241 2537 450 2603 praestantem
472 2527 666 2604 predentiam
689 2527 720 2585 in
743 2528 885 2587 omnibus
907 2531 999 2587 rebus

100 2638 332 2709 cegnescerent,
344 2631 564 2708 pertimuerunt
576 2639 614 2690 ne
624 2631 751 2690 caritate
762 2632 878 2708 patriae
889 2632 999 2693 ductus

100 2735 268 2812 aliquande
284 2735 323 2793 ab
338 2734 414 2811 ipsis
428 2735 615 2794 descisceret
629 2743 659 2794 et
675 2755 743 2793 cum
756 2745 819 2794 suis
830 2735 860 2792 in
870 2736 998 2811 gretiam

99 2840 222 2899 rediret.
268 2841 378 2915 ltaque
393 2848 514 2915 tempus
536 2837 602 2897 eius
625 2837 829 2897 interficiendi
851 2858 997 2914 quaerere
1018 2859 1048 2912 25
1120 2837 1122 2840 ⁴

65 2942 307 3002 2instituerunt.
366 2942 403 3000 Id
439 2940 617 3000 Alcibiades
654 2941 767 3000 diutius
805 2942 897 3000 celeri
935 2950 996 3001 nen

143 3150 172 3185 22
185 3134 367 3201 medentium,
376 3137 545 3198 sagacitatem.
553 3163 587 3171 —
595 3148 626 3199 23
639 3135 762 3200 ceritete,
771 3140 900 3183 amera-
910 3147 941 3194 24
953 3134 999 3185 de·

99 3219 233 3285 stimet,
247 3218 366 3282 deficeret.
