2294 3638
372 725 743 810 imminuimus.
809 802 813 809 .

71 924 93 981 1
152 929 399 998 Epnniumrnns,
418 925 608 1004 Polymnidis
623 925 714 998 filius,
732 927 911 986 Thebanus,
958 930 1004 986 De

41 1042 44 1046 ·
108 1029 167 1087 ὴόε
186 1028 364 1104 priusquam
383 1028 552 1102 scribimus,
569 1031 647 1111 haec
666 1029 885 1106 praecipienda
904 1031 1004 1091 viden·

109 1141 156 1190 tur
178 1132 351 1204 lectoribus
376 1139 414 1190 ne
437 1132 554 1192 alienas
577 1140 676 1192 mdres
701 1133 740 1191 ad
765 1140 838 1192 suris
860 1136 1002 1207 referant,

109 1243 185 1293 neve
208 1254 244 1292 ea
275 1255 353 1310 quae
380 1235 455 1311 ipsis
479 1235 593 1294 levidra
616 1245 695 1309 sunt,
720 1245 785 1312 pari
808 1238 901 1296 modii
924 1239 1004 1314 apud

75 1346 228 1401 2ceter6s
250 1338 347 1397 fuisse
370 1338 563 1397 arbitrentur.
619 1340 738 1398 Scimus
762 1340 843 1408 enirn
868 1341 1004 1399 musicen
1040 1356 1051 1406 5

109 1451 222 1500 nostris
243 1442 377 1500 mriribus
399 1443 509 1500 abesse
529 1450 547 1500 a
567 1442 714 1518 principis
734 1450 875 1519 persrina,
893 1445 1004 1503 saltare

109 1553 180 1604 verri
196 1544 287 1604 etiarn
304 1544 334 1601 in
347 1545 428 1604 vitiis
443 1553 517 1621 pdni
532 1569 537 1603 :
562 1565 640 1621 quae
656 1545 759 1604 omnia
774 1548 856 1623 apud
868 1548 1004 1606 Graecias

75 1651 139 1707 3et
168 1657 255 1725 grata
284 1657 315 1706 et
344 1648 434 1707 laude
463 1649 556 1725 digna
582 1650 742 1708 ducuntur.
767 1631 774 1642 ⁸
799 1651 876 1709 Cum
904 1661 1004 1709 autem

109 1752 278 1828 exprimere
298 1751 461 1828 imaginem
480 1751 711 1811 consuetudinis
733 1762 824 1828 atque
839 1763 921 1812 vitae
936 1754 1004 1813 veli-

20 1915 25 1929 ,
110 1876 177 1913 mus
194 1856 435 1931 Epaminondae,
450 1855 525 1912 nihil
537 1855 675 1913 videmur
690 1856 803 1914 debere
818 1857 1005 1932 praetermit·
1025 1875 1050 1906 10

76 1968 92 2015 4
110 1970 173 2016 tere
195 1960 277 2034 quod
298 1958 451 2035 pertineat
472 1959 600 2017 adeam
621 1959 848 2018 declarandam.
903 1961 1004 2034 Quare

110 2064 247 2121 dicemus
262 2071 392 2138 primum
411 2063 449 2120 de
468 2081 579 2138 genere
598 2061 672 2133 eius,
690 2061 803 2120 deinde
819 2063 931 2138 quibus
947 2064 1004 2122 dis-

110 2167 232 2242 ciplinis
256 2177 285 2224 et
309 2157 327 2224 a
351 2166 462 2241 quibus
487 2165 525 2224 sit
549 2165 695 2235 eruditus
719 2174 783 2223 tum
807 2165 846 2224 de
870 2167 1005 2226 mdribus

60 2349 62 2353 Ι
111 2271 275 2346 ingeniqne
290 2269 491 2327 facultatibus
507 2278 537 2327 et
553 2277 578 2326 si
594 2288 655 2343 qua
674 2267 733 2326 alia
750 2269 897 2328 memoria
913 2271 1005 2347 digna

111 2383 206 2445 erunt,
224 2372 388 2449 postremi)
415 2373 453 2430 de
480 2373 571 2430 rebus
594 2380 699 2447 gestis,
725 2390 804 2448 quae
826 2380 846 2431 a
870 2373 1005 2449 plurimis
1026 2388 1051 2438 15

111 2477 204 2534 animi
220 2484 449 2552 antepenuntur
464 2475 634 2534 virtutibus,

77 2586 98 2643 2
153 2583 253 2638 Natus
272 2580 363 2656 igitur
380 2590 466 2655 patre
483 2587 544 2654 qui>
565 2577 706 2650 diximus,
731 2597 843 2655 genere
864 2581 1003 2652 honesti),

110 2703 226 2760 pauper
242 2685 301 2740 iam
317 2692 335 2741 a
350 2682 516 2741 maioribus
535 2682 658 2739 relictus
676 2691 731 2753 est,
749 2681 886 2740 eruditus
904 2692 1005 2741 autem

112 2796 155 2845 sic
171 2797 203 2844 ut
227 2794 317 2846 nemi)
333 2786 502 2844 Thebanus
521 2784 626 2860 magis.
672 2786 752 2842 Nam
772 2794 804 2843 et
825 2785 1005 2845 citharizare

111 2901 141 2949 et
162 2898 285 2948 cantare
307 2891 346 2948 ad
367 2889 549 2947 chordarum
570 2906 679 2946 sonum
700 2888 810 2946 doctus
828 2898 876 2947 est
895 2898 914 2948 a
935 2889 1006 2948 Diu
1025 2908 1054 2941 20

144 3069 159 3114 4
176 3055 262 3118 mods),
277 3055 379 3101 rarimze.
387 3052 440 3100 -6
452 3053 546 3101 abesse
557 3053 583 3115 a,
597 3051 732 3098 abhorrere
744 3057 767 3098 d.
775 3079 808 3086 —
819 3065 844 3098 11
860 3052 1005 3117 pertineat,

111 3140 222 3186 attineat.
233 3166 266 3172 —
275 3137 473 3198 declarandam,
493 3135 677 3182 ostendendam.
686 3163 719 3169 -
730 3146 758 3198 15
776 3136 921 3200 postremi,
940 3137 1007 3185 de'ni-

111 3233 241 3284 que.-17
262 3221 350 3270 Natus
362 3221 414 3282 est,
428 3225 497 3265 ortrcs
509 3224 549 3264 est.
558 3230 630 3264 -20
648 3218 765 3279 cantire,
779 3232 874 3266 canere.
