2294 3638
351 142 646 190 THEMlSTOCLES.
684 153 705 206 5,
718 140 740 189 6.
961 139 990 189 13

95 311 320 370 Themistocles
343 317 452 369 verens
472 317 511 369 ne
533 309 648 368 bellare
670 315 889 385 perseveraret,
906 307 991 366 certi-

94 422 178 474 erem
200 433 278 472 eum.
291 413 366 472 iecit
381 413 413 472 id
428 423 486 490 agi,
507 422 540 471 ut
555 420 634 488 pens
650 431 741 489 quem
761 411 812 470 ille
834 411 865 468 in
888 411 991 470 Helle-

94 525 209 594 sponte
235 518 359 589 iecerat,
384 516 603 576 dissolveretur
631 525 668 574 ec
697 515 797 574 reditu
826 515 856 572 in
884 515 989 572 Asiam

58 621 313 693 2exeluderetur‚
338 619 431 696 idque
454 628 483 677 ei
505 619 667 694 persuasit.
713 621 823 694 Itaque
849 626 910 694 que
936 637 990 676 sex

94 723 253 784 mensibus
268 723 325 782 iter
339 724 464 795 iecerat,
481 722 591 781 eedem
613 721 715 780 minus
736 721 845 780 diebus
865 720 989 805 triginta
1026 735 1038 786 5

93 827 124 884 in
152 827 259 886 Asiam
285 845 425 885 reversus
452 834 499 883 est
526 832 620 901 seque
646 834 665 883 e
690 823 900 883 Themistocle
927 831 990 884 non

58 933 76 982 3
94 938 280 1006 superetum,
304 930 601 989 sed'censervetum
625 927 780 987 iudicavit.
827 928 877 986 Sic
899 936 989 986 smius

93 1032 150 1091 viri
164 1032 327 1109 prfldentie
343 1031 475 1092 Graecia
497 1032 627 1090 libereta
642 1040 690 1089 est
706 1033 908 1107 Eurepaeque
925 1050 989 1090 suc-

93 1136 200 1194 cubuit
222 1135 307 1195 Asia.
363 1137 453 1194 Haec
477 1144 525 1194 est
548 1134 644 1193 altera
667 1133 795 1192 victeria
817 1152 896 1210 quae
920 1153 989 1192 cum

95 1239 293 1299 Marathenie
316 1239 416 1315 possit
441 1246 613 1314 compartiri
638 1245 774 1314 tropaee.
820 1239 900 1295 Nam
923 1246 988 1313 pari
1009 1258 1038 1293 ιο

94 1343 186 1401 mods)
201 1343 284 1418 apud
301 1342 456 1402 Salamina
466 1348 563 1418 parve
575 1348 703 1400 numere
718 1339 841 1400 nevium
857 1340 989 1399 maxima

92 1455 164 1521 post
178 1445 337 1504 hominum
352 1445 530 1505 memoriam
546 1445 655 1504 classis
671 1454 719 1504 est
734 1444 863 1504 devicta.

49 1547 77 1610 *6
136 1551 270 1626 Megnus
285 1548 344 1609 hec
360 1549 442 1608 belle
458 1548 684 1608 Themistocles
698 1548 757 1607 fuit
772 1567 873 1625 neque
890 1548 989 1607 minor

92 1652 123 1709 in
139 1661 225 1728 pece.
271 1655 350 1713 Cum
365 1651 448 1711 enim
464 1651 626 1712 Phalerico
648 1662 738 1729 portu
761 1671 861 1729 neque
876 1645 993 1731 magne¹

92 1858 203 1934 triplex
219 1861 318 1938 Piraei
334 1868 440 1935 portus
457 1858 644 1918 censtitutus
660 1869 708 1918 est
723 1858 811 1935 isque
827 1859 988 1919 moenibus

92 1961 308 2034 circumdatus,
320 1971 353 2020 ut
365 1961 465 2038 ipsam
477 1962 584 2020 urbem
599 1962 749 2039 dignitete
766 1963 985 2039 aequiperaret,

57 2065 223 2125 2s1tilita'rte
259 2074 431 2142 supereret,
485 2057 575 2125 idem
611 2074 714 2126 mures
750 2066 986 2126 Atheniensium

91 2169 225 2228 restituit
250 2169 417 2246 praecipue
447 2177 504 2228 sue
532 2170 677 2246 perieule.
723 2173 865 2247 Namque
896 2173 988 2229 Lace·

91 2273 246 2332 daemonii
262 2291 387 2333 causam
403 2272 546 2332 ideneam
559 2283 641 2333 nacti
653 2283 777 2351 propter
788 2275 987 2333 barbarerum
1006 2289 1047 2324 20·

91 2376 296 2448 excursienes‚
314 2384 376 2453 que
398 2385 547 2453 negerent
569 2385 709 2452 oportere
732 2386 816 2436 extre
840 2360 987 2454 Pelopon-

91 2487 199 2539 nesum
222 2478 315 2538 ullam
337 2479 444 2538 urbem
466 2487 569 2539 mures
591 2480 713 2553 habere,
732 2487 770 2540 ne
792 2490 897 2539 essent
919 2481 987 2539 loca

91 2591 208 2641 munIta
234 2601 313 2658 quae
334 2583 441 2643 hostes
461 2583 664 2660 possiderent,
682 2583 889 2644 Athenienses
908 2584 987 2644 aedi·

58 2687 220 2745 tricantes
249 2685 412 2763 prohibere
443 2696 515 2745 sunt
543 2694 655 2746 ceneti.
705 2689 776 2747 Hec
805 2687 896 2764 longe
926 2688 987 2747 alie

91 2790 254 2866 spectabat
269 2798 362 2866 atque
378 2789 474 2848 videri
490 2788 643 2848 volebant.
682 2790 889 2849 Athenienses
904 2791 986 2849 enim
1006 2804 1036 2857 ²5

134 2976 143 3010 1
163 2963 273 3022 bollire,
289 2963 380 3011 bellum
389 2979 484 3025 gerere.
494 2991 527 2998 —
537 2963 675 3015 certit'trem
693 2977 755 3015 eum
772 2962 848 3029 fecit,
865 2970 891 3012 cz·
902 2967 988 3013 nanti·

91 3048 150 3094 avit.
160 3059 218 3110 -3
235 3044 437 3110 dissolveretur,
451 3047 683 3094 interscinderetur.
692 3075 726 3082 —
737 3060 749 3111 5
763 3047 814 3098 iter
826 3045 936 3113 fecerat,
949 3053 987 3095 ve-

91 3136 239 3192 nerat-9
262 3128 359 3192 altera,
380 3129 581 3178 secunda-10
604 3131 763 3195 compartiri,
785 3130 995 3194 mustra-Q

90 3215 215 3278 mignus,
232 3213 353 3275 egregius.
363 3239 394 3248 -
406 3226 437 3261 20
455 3213 538 3279 nacti,
551 3213 643 3278 adepti.
654 3243 688 3251 -
699 3227 733 3281 23
746 3214 853 3279 tilieti,
870 3216 1015 3275 apperen-
