2294 3638
108 209 141 257 46
373 209 656 257 EPAMINONDAS.
692 223 714 269 4,
730 222 750 274 5.

109 376 272 450 stituimus‚
290 385 419 454 quorum
435 376 601 453 separatim
617 377 721 435 multis
733 377 858 437 milibus
867 396 1011 438 versuum

108 480 279 557 complures
299 487 463 556 scriptores
480 489 552 538 ante
569 487 626 539 nos
642 480 841 556 explicarunt.
1043 471 1048 479 ’

72 581 96 639 5
151 585 221 642 Fuit
244 584 337 643 etiam
364 584 505 656 disertus,
532 593 566 641 ut
592 589 683 641 nemo
709 591 738 641 ei
760 583 931 643 Thebanus
958 595 1012 662 par

108 698 190 747 esset
213 688 396 763 eloquentie,
419 706 519 763 neque
543 686 643 744 minus
666 686 838 745 concinnus
861 687 892 745 in
916 689 1011 747 brevi·

107 801 170 850 tate
182 793 391 868 respondendi
409 811 500 867 quam
518 791 549 848 in
561 799 709 867 perpetua
722 789 860 849 oratione
873 799 1009 852 ornatus.
1047 854 1048 859 χ

72 895 228 954 2Habuit
250 897 489 955 obtrectatorem
520 894 715 953 Menecliden
743 894 908 970 quendam,
937 894 1012 954 indi-

107 999 177 1056 dem
204 999 329 1072 ThebiS,
358 1009 388 1058 et
417 999 626 1057 adversarium
651 996 682 1054 in
706 996 952 1057 administranda
979 1007 1011 1057 re

106 1101 237 1177 publicai,
255 1103 331 1161 satis
347 1103 546 1161 exercitatum
572 1101 602 1159 in
619 1101 760 1172 dicendo,
777 1109 811 1159 ut
826 1101 1010 1160 Thebanum

24 1210 27 1215 ’
107 1206 242 1264 scilicet:
266 1226 400 1282 namque
423 1206 466 1264 illi
489 1215 575 1283 genti
601 1206 669 1281 pluis
690 1205 771 1263 inest
788 1204 897 1263 virium
919 1225 1011 1282 quam

73 1309 219 1386 eingeni.
265 1313 305 1382 Is,
326 1311 408 1387 quod
432 1310 463 1367 in
486 1317 517 1368 re
546 1309 670 1368 militari
693 1309 801 1368 florere
825 1310 1048 1385 Epaminon-1<

107 1413 178 1470 dam
200 1393 333 1486 videbat,
359 1414 473 1472 hortari
498 1414 618 1472 solebat
645 1413 813 1471 Thebanos
840 1421 874 1470 ut
902 1421 1011 1488 pacem

106 1517 189 1575 bello
205 1518 455 1589 anteferrentur}
471 1516 551 1575 illius
574 1515 767 1592 imperatoris
782 1535 877 1592 opera
893 1516 1011 1575 deside-

107 1627 231 1679 raretur.
286 1621 370 1679 Huic
394 1620 444 1678 ille
471 1620 623 1692 “Fallis,”
655 1618 763 1697 inquit,
782 1620 904 1679 “verbo
927 1627 1010 1678 cives

106 1730 184 1795 tuos,
210 1724 294 1800 quod
318 1724 375 1782 hos
399 1733 417 1782 a
443 1723 524 1783 bello
547 1733 678 1782 avocas:
716 1731 759 1782 oti
781 1721 863 1780 enim
886 1722 1010 1782 nomine

72 1827 284 1887 4serviti1tem
294 1827 450 1886 concilias
489 1818 867 1903 Nampariturpaxbello.
900 1829 1010 1903 Itaque
1030 1851 1048 1901 ι]

107 1940 158 2007 qui
187 1940 225 1991 ee
254 1931 373 2001 diutine
402 1931 509 1990 volunt
540 1932 608 2002 frui,
639 1931 722 1990 bello
753 1930 911 1990 exercitati
941 1951 1010 1990 esse

106 2035 228 2094 debent.
274 2035 378 2109 Quare
404 2044 430 2094 si
456 2034 610 2111 principes
645 2033 794 2093 Graeciae
817 2035 908 2093 voltis
931 2055 1008 2107 esse,

15 2194 18 2201 .
72 2144 214 2198 5eastris
237 2149 284 2197 est
307 2140 395 2199 vobis
418 2139 573 2210 fatendum,
606 2145 667 2197 non
692 2137 877 2213 palaestra.'’
923 2131 1009 2198 Idem

106 2242 156 2301 ille
174 2243 366 2301 Meneclides
386 2261 456 2301 cum
471 2241 542 2300 huic
560 2241 705 2314 obiceret,
720 2243 804 2318 quod
821 2243 934 2304 liberos
948 2253 1009 2304 non

105 2346 233 2405 haberet
249 2365 348 2422 neque
366 2353 491 2405 uxorem
508 2347 655 2420 duxisset,
670 2347 862 2423 maximeque
878 2348 1009 2407 insolen-
1028 2368 1048 2402 2<

106 2450 188 2522 tiam,
203 2450 285 2525 quod
298 2449 357 2508 sibi
374 2451 615 2526 Agamemnonis
629 2451 702 2509 belli
717 2450 846 2528 gloriam
858 2451 1010 2511 videretur

106 2561 310 2613 consecutus:
346 2563 377 2612 at
399 2554 449 2612 ille
474 2555 647 2626 “Desine'’
664 2554 771 2631 inquit,
792 2561 809 2588 “
823 2556 1008 2638 Meneclida‚

107 2658 145 2715 de
168 2664 260 2716 uxore
284 2656 358 2714 mihi
387 2659 591 2733 exprobrare:
615 2677 685 2716 nam
708 2659 820 2717 millius
843 2657 875 2716 in
897 2658 957 2718 ista
978 2666 1009 2716 re

106 2760 207 2819 minus
223 2769 266 2819 riti
286 2760 416 2821 consilio
435 2761 536 2820 volo.”
583 2761 746 2840 (Habebat
761 2761 843 2821 enim
865 2762 1010 2821 Menecli-

71 2870 88 2919 6
106 2865 161 2922 des
178 2864 387 2940 suspicionem
411 2864 565 2944 adulteri.)
611 2865 731 2938 “Quod
747 2874 849 2923 autem
867 2872 916 2923 me
932 2868 1010 2942 Aga·
1028 2884 1048 2932 2!

106 2987 301 3027 memnonem
335 2969 480 3027 aemulari
506 2978 607 3043 putriS,
633 2967 769 3027 falleris:
803 2987 936 3044 namque
960 2968 1009 3025 ille

150 3144 178 3179 12
200 3130 376 3195 anteferrent,
390 3137 575 3192 anteponerent.
585 3161 617 3175 -ι-
626 3145 655 3194 13
668 3130 754 3194 fallis,
767 3132 869 3193 decipis.
877 3158 910 3167 -
919 3145 949 3191 14
960 3131 1008 3194 oti,

109 3217 189 3276 plicis.
201 3244 235 3250 —
246 3214 275 3262 16
293 3215 409 3278 diutina,
428 3215 562 3262 dirilurnd.
572 3229 644 3262 -20
662 3213 847 3278 insolentiam,
861 3215 1009 3276 superbiam.

108 3327 142 3333 -
153 3313 183 3361 23
202 3299 370 3362 exprobrare,
385 3298 482 3345 obicere.
