2294 3638
104 214 132 266 34
404 222 637 271 ALCIBIADES.
674 235 695 288 5.

105 386 225 459 potuit:
263 396 328 445 erat
357 388 438 446 enim
468 398 505 447 ea
535 389 711 466 sagacitate,
742 399 776 449 ut
808 391 911 467 decipi
939 398 1000 450 non

104 498 218 563 posset,
249 491 428 565 praesertim
464 511 533 551 eum
570 492 703 551 animum
741 493 925 553 attendisset
963 493 1001 552 ad
1079 540 1083 549 .

105 585 283 651 ca‘vendum.
337 596 447 670 Itaque
474 596 513 654 ad
539 595 787 672 Tissaphernem,
812 598 1000 672 praefectum

70 695 186 771 3regis
213 697 315 769 Derei,
343 705 376 756 se
402 699 539 758 contulit.
590 699 685 759 Ceius
705 694 781 758 'cum
806 699 838 757 in
864 699 1001 759 intimam

105 798 269 857 amicitiam
281 801 471 876 pervenisset
483 811 514 860 et
526 802 761 861 Atheniensium
773 802 852 861 male
863 812 959 880 gestis
971 803 1002 860 in
1032 816 1048 880 Ι5

106 901 208 960 Sicilia
223 905 314 962 rebus
337 912 411 980 opes
427 913 597 978 senescere,
615 912 723 965 contre
745 906 1002 965 Lacedaemonio

105 1024 170 1063 rum
187 1014 323 1065 crescere
339 1008 464 1080 videret,
482 1008 569 1068 initie
590 1028 658 1068 cum
680 1009 831 1068 Pisandro
851 1016 1000 1085 praetore,

105 1117 158 1183 qui
174 1110 255 1185 apud
290 1112 413 1169 Samum
446 1112 612 1170 exercitum
647 1111 791 1184 habebat,
826 1131 882 1189 per
914 1113 1008 1199 inter-h

106 1196 229 1271 nuntios
241 1214 435 1290 conloquitur
447 1224 477 1274 et
488 1215 527 1274 de
539 1215 637 1274 reditii
649 1223 706 1274 suo
717 1214 793 1274 facit
805 1215 1000 1275 mentionem.

107 1317 179 1373 Erat
208 1316 289 1374 enim
322 1318 431 1376 eedem
463 1298 524 1393 oue
553 1317 732 1377 Alcibiades
766 1325 867 1390 sensu,
898 1318 1003 1395 populi
1022 1340 1049 1375 ιο

70 1419 259 1494 ‹lpotentiae
289 1429 351 1480 non
376 1431 492 1480 amicus
516 1431 547 1481 et
575 1421 769 1498 optimatium
797 1422 908 1481 fautor.
953 1422 1001 1480 Ab

105 1523 164 1581 hoc
175 1523 338 1582 destitutus
350 1533 480 1600 primum
492 1545 546 1601 per
558 1524 793 1604 Thrasybrilum,
807 1527 883 1604 Lyci
895 1525 1000 1598 filium,

106 1626 144 1684 ab
168 1627 301 1686 exercitii
324 1628 469 1704 recipitur
493 1637 676 1704 praetorque
700 1629 734 1687 fit
759 1628 841 1704 apud
868 1629 1000 1700 Samum,

105 1740 175 1804 post
195 1731 383 1807 suffragante
399 1732 591 1791 Theramene
612 1731 717 1807 populi
737 1739 815 1792 scite
835 1731 1002 1791 restituitur

105 1842 232 1909 parique
247 1835 360 1894 absens
376 1835 503 1911 imperio
518 1835 693 1911 praeficitur
708 1834 798 1893 simul
818 1853 888 1894 cum
909 1836 1002 1893 Thra·
1022 1858 1030 1892 r
1036 1856 1048 1909 5

71 1937 213 2014 5sybulo
240 1947 270 1995 et
299 1939 500 1997 Theramene.
547 1940 668 1998 Horum
697 1937 729 1996 in
757 1937 887 2014 imperio
917 1947 1002 1997 tanta

105 2041 302 2100 commutatio
325 2049 423 2100 rerum
447 2043 530 2100 tacta
554 2051 609 2114 est,
626 2051 660 2100 ut
683 2028 931 2113 Lacedaemonii,
950 2049 1002 2116 qui

105 2144 197 2220 paulo
213 2154 283 2203 ante
300 2153 430 2204 victores
446 2145 614 2221 viguerant,
628 2145 780 2221 perterriti
795 2153 904 2220 pecem
919 2154 1000 2221 pete

105 2257 181 2305 rent.
219 2250 302 2306 Victi
318 2249 399 2306 enirn
415 2258 502 2307 erant
514 2257 649 2324 quinque
661 2247 784 2324 proeliis
796 2247 1000 2319 terrestribus,

105 2351 202 2409 tribus
218 2351 387 2424 navalibus,
405 2352 436 2409 in
452 2351 563 2428 quibus
580 2351 730 2410 ducentas
750 2358 845 2410 naves
865 2351 1002 2410 triremes
1020 2372 1048 2406 20

106 2464 280 2527 emiserant,
297 2475 375 2530 quae
392 2459 500 2532 captae
516 2455 546 2513 in
563 2455 696 2514 hostium
708 2461 856 2514 venerant
871 2463 1002 2531 poteste-

72 2567 89 2615 6
105 2567 176 2616 tem.
221 2558 397 2617 Alcibiades
414 2557 502 2617 simul
517 2578 586 2616 cum
602 2559 737 2634 conlegis
752 2564 909 2634 receperat
926 2556 1003 2618 Ioni·

106 2681 163 2733 am,
183 2662 427 2737 Hellespontum,
445 2662 557 2720 multas
573 2669 732 2737 praetereai
751 2661 842 2720 urbes
857 2662 1001 2730 Graecis,

106 2784 184 2840 quae
202 2765 232 2822 in
256 2773 308 2824 ore
331 2766 407 2824 sitae
424 2774 495 2824 sunt
520 2764 681 2836 Threciae,
699 2772 826 2840 querum
852 2771 1003 2842 expugna-

105 2879 174 2927 rant
204 2869 382 2945 complures,
415 2868 446 2926 in
476 2868 524 2926 his
554 2867 743 2945 Byzantium,
774 2886 875 2943 neque
904 2867 1003 2926 minus
1021 2882 1049 2934 25

105 2973 216 3031 multes
239 2972 369 3031 consilio
393 2972 432 3030 ad
455 2970 618 3030 amicitiam
642 2971 852 3042 adiunxerant,
869 2971 953 3047 quod
974 2968 1004 3026 in

73 3082 213 3153 lcaptos
236 3075 397 3134 clementia
419 3076 542 3133 fuerant
569 3082 623 3132 usi.
671 3076 720 3132 Ita
749 3072 864 3149 praede
893 3080 1002 3142 onusti,

150 3230 158 3262 1
174 3216 271 3280 decipi,
278 3217 352 3279 stilli.
363 3245 396 3251 -
406 3229 435 3273 14
448 3215 623 3278 subrigente,
630 3213 743 3277 favente.
752 3240 786 3248 —
797 3225 826 3278 15
838 3213 921 3264 simul
933 3225 1000 3275 cum,

105 3305 161 3347 zinci
171 3316 236 3347 cum.
247 3329 280 3335 —
290 3298 318 3346 18
336 3299 489 3362 viguerant,
503 3299 647 3345 valuerant.
657 3325 689 3332 -
700 3310 730 3357 24
748 3296 828 3361 sitae,
845 3298 950 3359 positae.
