2294 3638
106 216 138 264 16
377 218 674 268 THEMISTOCLES.
709 218 732 266 8.

71 393 88 442 2
106 386 206 461 Argos
222 385 393 444 habitatum
409 386 572 445 concessit.
598 389 660 445 Hie
672 406 740 445 eum
753 395 878 463 propter
890 386 1000 444 multes

105 486 233 546 virtutes
248 497 360 565 magne
376 508 445 547 eum
462 489 612 565 dignitate
627 498 751 562 viveret,
764 488 1001 548 Lacedaemonii

106 590 224 667 legetos
241 591 381 650 Athenas
397 599 554 665 miserunt,
572 601 624 668 qui
646 611 716 651 eum
738 592 898 650 absentem
916 602 1001 650 accu-

106 702 218 766 sarent,
235 695 319 770 quod
343 694 523 753 societatem
546 714 614 753 cum
638 703 708 772 rege
732 697 822 753 Perse
847 695 887 754 ad
909 696 1000 754 Grae·

106 795 184 854 eiam
208 797 441 872 opprimendam
464 798 599 857 fecisset.
646 800 716 857 Hec
739 798 865 856 crimine
888 799 1001 857 absens
1036 809 1048 862 5

69 907 88 956 43
105 899 289 975 proditionis
305 901 470 959 damnatus
486 911 542 960 est.
590 901 627 960 ld
642 911 675 958 ut
692 901 816 972 audivit,
835 901 918 977 quod
939 909 1000 961 nen

106 1003 182 1061 satis
198 1012 296 1062 tutum
311 1011 344 1062 se
361 1007 452 1081 Argis
472 1005 606 1075 videbat,
624 1006 789 1082 Corcyram
810 1005 999 1082 demigrevit.

106 1105 155 1165 Ibi
177 1125 247 1164 cum
270 1106 336 1165 eius
358 1107 513 1184 principes
537 1107 804 1166 animadvertisset
830 1107 936 1166 timere
963 1116 1001 1166 ne

105 1218 229 1286 propter
250 1217 283 1269 se
303 1210 417 1268 bellum
439 1210 475 1268 iis
495 1210 734 1269 Lacedaemonii
749 1220 779 1269 et
795 1211 1001 1270 Athenienses

105 1311 284 1386 indicerent,
298 1314 338 1373 ad
353 1315 528 1386 Admetum,
544 1314 715 1372 Molossum
730 1322 841 1392 regem,
855 1333 924 1373 cum
940 1323 1001 1391 que
1022 1334 1048 1368 ιο

71 1424 88 1472 4
105 1424 133 1473 ei
149 1416 316 1492 hospitium
331 1427 404 1489 erat,
422 1417 569 1494 confugit.
602 1419 673 1476 Huc
689 1436 758 1476 cum
773 1417 909 1476 venisset
924 1417 1001 1476 etin

105 1519 280 1594 praesentia
309 1527 361 1578 rex
394 1520 526 1592 abesset,
551 1528 613 1597 quo
645 1519 760 1579 meiere
792 1519 939 1597 religione
968 1529 1001 1580 se

105 1631 261 1698 receptum
284 1630 420 1682 tueretur
441 1623 538 1681 tiliam
559 1623 625 1682 eius
647 1625 804 1700 parvulam
818 1623 952 1699 adripuit
971 1634 1001 1682 et

106 1744 175 1783 cum
201 1735 237 1784 ee
264 1733 297 1785 se
324 1726 355 1784 in
383 1727 556 1799 sacrarium,
583 1728 666 1803 quod
696 1736 814 1786 summe
843 1727 1002 1786 colebetur

106 1828 300 1902 caerimonia,
318 1829 459 1888 coniecit.
506 1830 583 1888 Inde
605 1838 664 1889 non
686 1830 770 1906 prius
791 1838 932 1907 egressus
954 1840 1001 1890 est
1021 1848 1047 1899 15

106 1950 198 2008 quam
214 1940 267 1992 rex
282 1951 351 1991 eum
368 1933 440 1992 date
456 1933 563 1992 dextre
579 1933 611 1990 in
627 1933 719 1992 fidem
735 1933 892 2010 reciperet,
909 1952 1001 2010 quam

71 2038 88 2087 5
105 2035 266 2110 praestitit.
305 2038 386 2094 Nam
402 2055 471 2094 cum
487 2037 526 2094 ab
543 2036 786 2119 Atheniensibus
802 2046 833 2095 et
849 2037 1000 2096 Lacedae-

107 2138 218 2196 moniis
234 2146 451 2214 exposceretur
467 2138 598 2215 publice,
611 2139 780 2216 supplicem
793 2147 855 2198 non
866 2139 1001 2215 prodidit

106 2241 286 2318 monuitque
302 2251 335 2300 ut
350 2243 526 2300 consuleret
541 2242 617 2300 sibi:
641 2242 764 2301 difficile
784 2242 866 2302 enim
885 2262 955 2302 esse
970 2243 1000 2300 in

107 2354 169 2403 tam
184 2353 357 2421 propinque
374 2346 443 2404 loce
459 2352 524 2404 tute
540 2364 610 2403 eum
625 2355 748 2404 verseri.
794 2349 904 2423 Itaque
926 2347 1002 2426 Pyd·
1020 2362 1049 2397 2⁰

107 2470 178 2508 nam
195 2469 264 2508 eum
280 2450 391 2508 deduci
409 2448 498 2508 iussit
513 2458 545 2507 et
560 2450 644 2525 quod
667 2449 742 2508 satis
765 2459 847 2508 esset
868 2450 1003 2527 praesidi

72 2552 90 2602 6
107 2553 201 2613 dedit.
234 2555 296 2610 Hic
312 2553 343 2610 in
359 2561 468 2611 navem
485 2552 628 2612 omnibus
644 2560 766 2629 ignetus
782 2562 883 2612 nautis
899 2561 1002 2614 escen·

107 2657 160 2716 dit.
190 2657 278 2730 Quae
295 2675 364 2714 cum
380 2664 563 2732 tempestate
579 2655 711 2713 maixime
728 2658 849 2714 Naxum
864 2657 1001 2729 ferretur,

107 2759 160 2818 ubi
175 2770 239 2818 tum
253 2758 488 2818 Atheniensium
505 2766 570 2817 erat
585 2757 746 2831 exercitus,
757 2759 854 2818 sensit
865 2759 1003 2819 Themis·

107 2863 213 2934 tocles‚
231 2873 257 2921 si
273 2870 310 2921 eo
327 2861 526 2938 pervenisset,
544 2860 606 2919 sibi
619 2880 688 2921 esse
704 2863 903 2937 pereundum.
933 2865 1004 2923 Hec
1022 2875 1049 2926 ²5

108 2966 294 3025 necessitate
318 2974 445 3024 coactus
468 2964 594 3024 domino
617 2964 713 3036 nevis,
736 2965 805 3041 quis
827 2965 875 3038 sit,
896 2966 1002 3043 aperit,

73 3069 89 3118 7
108 3070 203 3127 multa
225 3068 375 3146 pollicens
399 3077 424 3125 si
448 3075 480 3125 se
499 3075 722 3126 conservasset.
768 3071 810 3127 At
832 3069 882 3128 ille
904 3069 1005 3129 cleris-

150 3216 163 3249 2
181 3202 326 3266 dignitite,
341 3202 440 3248 honere.
450 3215 508 3260 —4
527 3199 694 3263 societatem,
700 3201 799 3263 foedus.
809 3201 866 3250 -8
884 3202 1005 3254 animell-

107 3285 245 3349 vertisset,
259 3285 450 3347 cognovissen-
465 3297 494 3346 ¹3
506 3282 635 3345 tueretur,
649 3283 797 3346 dcssnderet.
