2294 3638
365 187 648 242 urnmuouoas.
686 206 707 257 5,
720 193 743 241 6.
969 193 1001 244 47

69 433 77 446 .
100 361 171 422 'curn
192 363 336 422 universa
351 361 483 421 Graecia
499 361 548 419 vix
565 361 673 421 decem
693 366 782 420 annis
805 372 897 421 unam
919 363 1000 439 cepit

100 468 218 538 urbem,
235 486 293 543 ego
308 474 416 524 contra
438 474 475 524 ea
497 474 558 524 una
582 466 656 524 urbe
679 475 786 524 nostra
805 466 916 543 dieque
939 474 1000 526 ono

100 579 197 630 totam
213 569 377 628 Graeciam
394 568 649 627 Lacedaemoniis
665 569 780 645 fugatis
796 569 953 628 liberavi.''

63 674 87 734 6
141 668 232 732 ldem
246 691 315 731 cum
325 672 357 730 in
369 682 556 730 conventum
566 672 701 730 venisset
713 672 877 744 Arcadum,
889 680 998 749 petens

100 787 134 836 ut
160 777 342 836 societatem
366 794 436 833 cum
460 771 619 834 Thebanis
645 784 676 833 et
702 778 824 852 Argivis
850 776 996 850 iacerent,
1035 794 1048 845 5

100 888 271 957 contraque
296 879 501 950 Callistratus,
528 878 764 938 Atheniensium
792 879 919 955 legatus,
945 890 998 956 qui

99 983 279 1060 eloquentia
294 989 401 1041 omnes
417 990 455 1041 eo
469 983 648 1058 praestabat
669 993 814 1058 tempore,
828 984 998 1058 postularet

100 1098 132 1145 ut
158 1087 263 1164 potius
289 1087 454 1145 amicitiam
481 1097 683 1164 sequerentur
706 1087 887 1158 Atticorum,
913 1098 943 1146 et
966 1088 996 1145 in

64 1189 238 1250 2oratione
261 1199 317 1248 sua
340 1190 434 1249 multa
457 1190 596 1250 invectus
619 1201 702 1249 esset
724 1191 753 1248 in
777 1192 944 1250 Thebanos
967 1201 1014 1249 et·

99 1298 240 1372 ArgivoS,
258 1295 290 1353 in
306 1296 404 1372 iisque
426 1297 485 1355 hoc
505 1295 670 1373 posuisset,
687 1295 822 1353 animum
836 1296 996 1363 advertere
1018 1319 1047 1354 10

98 1399 212 1458 debere
236 1400 375 1458 Arcades
397 1399 505 1476 quales
528 1408 657 1474 utraque
687 1399 795 1457 civitas
822 1405 904 1456 cives
930 1406 997 1474 pro

98 1512 244 1575 creasset,
275 1502 449 1578 exquibus
475 1503 514 1561 de
544 1508 653 1560 ceteris
683 1512 812 1577 possent
841 1501 994 1560 iudicare:

99 1608 231 1683 Argivos
246 1605 328 1665 enim
343 1606 440 1666 fuisse
456 1607 598 1665 Orestem
614 1616 645 1665 et
661 1607 880 1666 Alcmaeonem
897 1606 996 1664 matri-

97 1710 193 1782 cidas,
225 1709 343 1768 Thebis
372 1709 526 1786 Oedipum
556 1719 671 1781 natum,
702 1718 754 1785 qui
784 1729 853 1767 cum
878 1719 995 1785 patrem

97 1831 186 1870 suum
218 1811 432 1885 interfecisset,
464 1832 502 1871 ex
531 1821 626 1871 matre
656 1813 769 1872 liberos
795 1820 993 1888 procreasse:
1016 1834 1044 1885 15

64 1919 80 1968 3
96 1915 167 1974 huic
190 1916 222 1972 in
245 1915 464 1991 respondendo
482 1916 722 1992 Epaminondas
741 1935 810 1973 cum
830 1916 868 1975 de
885 1923 994 1973 ceteris

96 2026 280 2094 perorasset,
295 2011 459 2095 postquam
472 2019 512 2078 ad
527 2019 579 2076 illa
591 2019 653 2077 duo
666 2018 830 2095 opprobria
845 2019 992 2094 pervenit,

96 2122 240 2180 admirari
262 2129 296 2180 se
312 2117 391 2180 dixit
410 2121 570 2181 stultitiam
592 2122 721 2181 rhetoris
738 2123 841 2194 Attici,
860 2131 912 2198 qui
932 2131 994 2181 non

96 2224 347 2283 animadverterit
362 2225 545 2284 innocentes
568 2225 637 2283 illos
660 2232 750 2284 natos
773 2226 864 2296 domi,
879 2226 994 2283 scelere
1019 2267 1021 2271 -

96 2329 233 2386 admisso
256 2346 325 2385 cum
348 2327 446 2403 patria
473 2339 578 2386 essent
604 2329 732 2404 expulsi,
757 2336 898 2403 receptos
925 2347 993 2386 esse
1011 2350 1044 2397 ,20

64 2431 134 2489 rab
165 2430 419 2489 Atheniensibus.
473 2431 534 2489 Sed
564 2431 694 2490 maxime
723 2431 788 2489 eius
818 2431 994 2507 eloquentia

95 2533 188 2592 eluxit
206 2534 335 2609 Spartae
347 2534 440 2610 legati
456 2543 527 2592 ante
540 2544 673 2611 pugnam
687 2535 887 2593 Leuctricam.
923 2535 994 2607 Quo

95 2655 163 2693 cum
187 2635 324 2694 omnium
347 2636 499 2695 sociorum
522 2637 742 2695 convenissent
766 2637 867 2714 legati,
892 2645 993 2695 coram

68 2808 69 2813 ἵ
94 2738 346 2814 frequentissimo
372 2738 561 2814 legationum
590 2750 743 2798 conventri
770 2749 814 2800 sic
842 2741 994 2798 Lacedae·

95 2841 266 2901 moniorum
289 2842 483 2920 tyrannidem
507 2843 644 2919 coarguit
667 2851 784 2901 utnon
811 2843 911 2900 minus
941 2842 992 2901 illa
1012 2865 1042 2915 25

96 2945 234 3005 oratione
264 2953 339 3020 opes
369 2952 473 3004 eorum
496 2946 686 3004 concusserit
710 2966 801 3021 quarn
833 2945 993 3003 Leuctrica

134 3121 147 3167 7
175 3108 345 3172 praestabat,
376 3109 516 3168 superabor.
529 3107 589 3155 -8
616 3111 800 3172 sequerentur,
826 3114 947 3170 peterent.
960 3135 993 3142 —

99 3203 125 3238 10
148 3191 295 3254 posuisset,
317 3192 510 3239 dixisset—20
534 3192 662 3254 admisso,
677 3193 819 3255 facto'.—2
825 3205 837 3255 5
861 3189 991 3252 coarguit,

96 3276 204 3323 ostendit.
