2294 3638
388 152 608 202 PAUSANIAS.
645 166 666 216 3,
680 166 702 211 4.
960 151 991 200 23

96 321 224 379 Hildtae
247 329 381 392 vocatur,
409 327 537 396 qudrum
567 329 679 395 magna
709 319 872 378 multituda
902 327 991 394 agnis

95 423 412 485 Lacedaemonidrum
428 423 501 482 colit
517 431 734 498 servrirumque
750 432 874 493 munere
894 423 991 498 iungi-

95 537 152 585 tur.
200 529 269 585 Hris
285 546 408 603 quoque
423 525 588 585 sollicitare
604 534 659 601 spe
674 525 825 584 libertatis
841 526 992 584 existima·

60 635 77 684 7
94 630 194 688 batur.
234 630 295 688 Sed
310 630 394 705 quod
409 630 516 688 harum
532 637 632 688 rerum
648 628 763 687 nullum
776 639 840 687 erat
853 638 991 704 apertum

95 741 209 791 crimen
240 741 300 808 qui)
330 741 415 809 argui
450 741 566 808 posset,
597 740 659 791 nim
689 732 840 808 putabant
870 733 908 791 de
937 733 992 791 tali
1028 747 1040 798 5

94 845 219 911 tamque
235 835 317 895 clari)
331 835 396 895 viri)
412 835 640 912 suspicionibus
656 843 796 912 oportere
813 835 949 907 iudicari,
961 846 991 894 et

95 939 338 1014 exspectandum
354 939 426 997 dum
443 946 476 998 se
491 939 559 1015 ipsa
574 946 622 998 res
639 947 777 1015 aperiret.

56 1040 78 1098 4
137 1042 265 1101 Interim
295 1042 429 1119 Argilius
460 1042 583 1118 quidam
614 1035 871 1114 adulescentulus,
900 1062 990 1118 quem

94 1165 222 1222 puerum
247 1146 417 1205 Pausanias
440 1146 596 1219 dilexerat,
614 1165 683 1204 cum
705 1146 868 1222 epistulam
891 1147 931 1205 ab
954 1155 990 1206 ed

94 1250 134 1308 ad
163 1250 352 1308 Artabazum
382 1249 563 1326 accepisset,
593 1259 682 1325 eique
718 1250 749 1307 in
782 1250 989 1325 suspicir'mem
1011 1271 1040 1304 10

93 1353 230 1413 venisset
252 1353 369 1430 aliquid
395 1353 425 1410 in
453 1354 554 1412 eade
580 1361 614 1412 se
633 1372 702 1411 esse
729 1362 884 1428 scripturn,
907 1356 990 1429 quod

93 1465 184 1518 nemi)
210 1465 315 1517 ebrum
337 1458 469 1516 redisset
498 1465 550 1533 qui
573 1476 665 1533 super
686 1456 740 1515 tali
763 1465 858 1515 causa
881 1458 990 1516 eudem

93 1570 179 1619 missi
203 1570 299 1632 erant,
323 1560 424 1618 vincla
450 1560 600 1637 epistulae
625 1559 738 1618 laxavit
765 1568 914 1636 signdque
941 1561 990 1618 de—

92 1672 191 1724 tracti>
207 1663 360 1740 cbgnrivit,
377 1673 404 1722 si
418 1664 603 1740 pertulisset,
620 1664 679 1722 sibi
698 1683 767 1722 esse
780 1648 987 1740 pereundum.
1012 1717 1017 1723 .

60 1771 189 1827 2Erarit
212 1766 243 1824 in
266 1767 375 1826 eadem
397 1767 529 1843 epistula
552 1786 629 1842 quae
656 1767 695 1824 ad
722 1786 758 1825 ea
784 1767 988 1843 pertinebant,
1011 1786 1039 1836 15

93 1890 172 1948 quae
189 1871 386 1946 interregem
399 1870 873 1945 Pausaniamqueconvenerant
921 1873 989 1929 Has
1061 1918 1063 1920 ,

59 1974 141 2032 3ille
158 1974 207 2032 litt
181 1983 277 2032 eras
293 1973 443 2049 ephorrs
431 1973 566 2032 tradidit.
612 1975 745 2032 Non
699 1983 745 2031 es
766 1984 852 2049 praet
841 1976 989 2033 tereunda

91 2077 228 2154 gravitas
241 2061 556 2153 Lacedaemoniorum
572 2077 631 2135 hdc
643 2046 720 2135 locd.
756 2079 835 2134 Nam
848 2097 886 2136 ne
899 2078 989 2136 huius

92 2181 217 2256 quidem
234 2179 348 2239 indicid
364 2179 488 2257 impulsi
503 2189 584 2251 sunt,
602 2181 835 2238 utPausaniam
856 2201 989 2257 compre-

92 2283 273 2354 henderent,
288 2302 387 2359 neque
403 2282 487 2359 prius
503 2282 565 2341 vim
581 2283 788 2341 adhibendam
805 2303 845 2359 pu
848 2292 989 2342 taverunt
1009 2302 1039 2335 20

92 2406 184 2463 quam
201 2405 234 2445 se
257 2385 323 2462 ipse
346 2385 524 2445 indicasset
571 2389 680 2461 ltaque
702 2386 772 2444 huic
794 2386 897 2459 indici,
915 2387 988 2461 quid

57 2491 156 2548 4fieri
185 2489 308 2561 vellent,
339 2481 570 2565 praeceperunt.
624 2491 740 2547 Fanum
772 2492 909 2565 Neptuni
942 2500 989 2548 est

92 2594 234 2664 Taenari,
252 2592 335 2668 quod
351 2592 458 2651 violari
474 2593 561 2650 nefas
579 2602 633 2668 put
636 2602 689 2650 ant
678 2594 828 2651 tGraeci
875 2596 919 2651 Eo
938 2594 988 2652 ille

91 2696 185 2754 index
214 2694 352 2771 cdnfirgit
380 2695 410 2752 in
442 2705 555 2771 araque
585 2696 733 2754 cdnsedit.
787 2698 879 2753 Hanc
907 2697 989 2755 iuxta

91 2800 192 2858 locum
212 2799 350 2858 lecerunt
372 2799 429 2857 sub
452 2808 532 2857 terra
559 2818 596 2856 ex
622 2807 682 2874 qud
708 2809 815 2875 posset
841 2800 946 2873 audiri,
964 2810 989 2859 si
1009 2813 1038 2864 25

91 2903 161 2978 quis
177 2901 252 2978 quid
268 2901 443 2977 loqueretur
458 2921 527 2959 curn
544 2902 669 2978 Argum.
716 2904 787 2959 Huc
806 2921 843 2960 ex
866 2903 988 2977 ephoris

56 3007 73 3056 5
91 3007 217 3084 quidam
240 3006 475 3064 descenderunt.
521 3006 700 3077 Pausanias,
719 3015 751 3063 ut
773 3005 889 3064 audivit
905 3009 990 3083 Argi-

133 3151 290 3212 2'mimere,
315 3149 400 3211 officio‘.
410 3175 442 3184 -
457 3162 485 3195 12
513 3161 602 3211 super,
627 3150 663 3195 di.
677 3177 709 3182 -
724 3162 753 3210 19
777 3148 890 3211 impulsi
913 3151 989 3212 sunt,

89 3235 193 3284 inducti
201 3239 269 3281 sunt.
280 3260 313 3268 -
324 3245 353 3279 22
373 3229 477 3295 fanum,
493 3233 623 3294 tanrplum.
632 3261 666 3268 —
677 3246 709 3294 24
726 3231 820 3297 iuxta,
837 3238 925 3294 prope.
