2294 3638
390 198 609 249 Acasiunus.
645 210 704 264 Μ.
962 196 992 246 61

59 368 180 430 4bello
203 377 379 445 superasset
395 367 511 426 Asiam.
558 369 630 425 Hac
652 367 744 443 igitur
765 375 867 424 mente
891 365 993 423 Helle-

98 481 243 548 spontum
259 470 363 547 copias
379 470 498 528 traiecit
513 479 661 547 tantaque
677 479 750 528 usus
771 479 818 527 est
838 468 993 527 celeritate

98 585 139 646 ut,
154 573 239 650 quod
261 573 319 632 iter
336 575 454 632 Xerxes
477 581 559 632 anno
575 582 714 631 vertente
731 558 920 642 coniecerat,
944 571 994 630 hic

62 683 78 731 5
97 676 253 736 transierit
269 676 394 754 triginta
409 676 528 735 diebus
575 677 652 736 Cum
669 676 729 733 iam
747 676 830 734 haud
846 675 888 733 ita
903 674 993 752 longe

98 782 223 839 abesset
252 789 270 839 a
297 773 532 856 Peloponneso
552 779 704 838 obsistere
734 789 762 836 ei
792 786 894 837 conati
923 787 995 836 sunt
1032 792 1043 844 5

99 883 307 941 Athenienses
328 892 359 941 et
376 882 495 946 Boeotii
515 889 671 958 ceterique
692 889 796 941 eorum
818 881 894 940 socii
913 881 995 957 apud
1045 913 1048 918 ·

62 998 80 1046 6
99 989 273 1045 Coroneam
284 1009 303 1054 :⁴
314 993 392 1061 quos
407 992 519 1044 omnes·
529 995 614 1062 gravi
633 984 749 1060 proelio
765 985 845 1043 vicit.
892 984 995 1042 Huius

98 1089 245 1147 victoriae
260 1089 308 1146 vel
331 1089 463 1146 maxima
484 1087 542 1145 fuit
565 1088 631 1146 laus
658 1089 749 1163 quod,
767 1107 836 1146 cum
858 1088 994 1164 plerique

99 1210 137 1249 ex
151 1193 225 1268 fuga
246 1199 279 1249 se
298 1191 327 1249 in
344 1192 491 1267 templum
509 1191 668 1249 Minervae
684 1191 890 1249 coniecissent
906 1210 996 1266 quae·
1059 1241 1064 1250 .

98 1302 277 1370 tereturque
304 1296 343 1353 ab
371 1301 408 1354 eo
431 1294 505 1370 quid
528 1294 565 1352 iis
587 1294 679 1352 vellet
702 1294 775 1365 fieri,
800 1303 857 1352 etsi
880 1295 995 1369 aliquot
1017 1318 1046 1350 10

99 1399 226 1458 volnera
253 1405 415 1474 acceperat
445 1405 482 1456 eo
511 1397 629 1474 proelio
655 1407 686 1455 et
716 1406 810 1455 iratus
836 1397 997 1456 videbatur

99 1501 244 1560 omnibus
272 1510 323 1576 qui
346 1501 494 1559 adversus
517 1519 601 1558 arma
623 1501 763 1573 tulerant,
789 1510 890 1559 tamen
915 1511 997 1558 ante-

64 1605 169 1662 7tulit
192 1613 254 1662 irae
277 1603 456 1680 religionem
478 1614 509 1663 et
532 1611 585 1663 eos
608 1604 705 1662 vetuit
727 1604 840 1662 violari.
887 1606 996 1679 Neque

99 1715 172 1767 vero
194 1709 258 1784 hoc*
276 1707 375 1766 solum
395 1706 426 1764 in
443 1707 573 1766 Graecia
592 1707 674 1778 fecit,
691 1717 724 1765 ut
739 1707 854 1783 templa
870 1707 996 1765 deorum

99 1820 209 1870 sancta
234 1811 371 1882 haberet,
396 1811 451 1869 sed
477 1810 570 1869 etiam
597 1811 678 1886 apud
705 1811 852 1870 barbaros
879 1820 997 1869 summa
1018 1832 1046 1882 15

52 1925 55 1930 '
99 1914 262 1990 religione¹
285 1913 388 1973 omnia
424 1913 586 1972 simulacra
626 1923 756 1990 arasque
794 1915 995 1973 conservavit.

64 2020 212 2093 8Itaque
244 2015 443 2092 praedicabat
476 2025 576 2074 mirari
613 2023 646 2074 se
683 2025 745 2076 non
781 2017 997 2094 sacrilegorum

100 2127 230 2179 numero
252 2120 359 2178 haberi
375 2129 426 2195 qui
442 2119 633 2195 supplicibus
659 2121 786 2179 deorum
808 2121 995 2192 nocuissent,

100 2234 154 2281 aut
178 2230 241 2282 non
267 2222 458 2299 gravioribus
484 2231 592 2299 poenis
620 2223 710 2281 adfici
736 2233 788 2298 qui
818 2223 996 2299 religionem

100 2327 274 2385 minuerent
290 2345 382 2402 quam
398 2335 450 2402 qui
465 2327 540 2384 iana
556 2326 731 2402 spoliarent.
1015 2347 1046 2382 20

63 2434 87 2493 5
143 2433 219 2488 Post
244 2430 304 2489 hoc
330 2429 480 2505 proelium
502 2429 657 2488 conlatum
687 2449 777 2487 omne
806 2430 921 2489 bellum
951 2441 997 2488 est

100 2533 183 2592 circa
196 2532 379 2592 Corinthum
388 2532 521 2608 ideoque
535 2533 728 2590 Corinthium
742 2544 789 2591 est
800 2534 996 2608 appellatum.

66 2645 83 2696 2
103 2637 165 2694 Hic
181 2655 251 2695 cum
267 2644 328 2695 una
348 2643 451 2712 pugna
466 2635 574 2694 decem
596 2636 678 2692 milia
702 2636 834 2694 hostium
852 2637 997 2712 Agesilao

101 2739 180 2798 duce
207 2738 393 2797 cecidissent
419 2746 517 2814 eoque
543 2739 627 2797 facto
653 2747 728 2814 opes
755 2740 997 2798 adversariorum

100 2842 281 2901 debilitatae
309 2841 493 2912 viderentur,
525 2851 643 2899 tantum
670 2842 747 2900 afuit
773 2844 811 2900 ab
835 2843 997 2901 insolentia
1018 2862 1047 2912 25

99 2945 216 3022 gloriae
250 2954 282 3004 ut
315 2945 547 3004 commiseratus
587 2945 626 3003 sit
654 2946 807 3004 fortunam
838 2946 995 3018 Graeciae,

145 3181 174 3229 18
204 3180 369 3244 nocuissent,
399 3183 450 3229 vim
477 3183 713 3229 attulissent—22
744 3182 822 3245 circi,
849 3183 952 3228 circum.
965 3209 999 3215 —

101 3278 130 3326 27
150 3264 230 3329 vitio,
243 3265 326 3325 culpa'.
