2294 3638
105 209 122 258 6
400 208 614 256 Mummius.
652 208 709 272 5⁶·

105 377 209 436 multis
224 377 300 435 locis
316 385 404 434 erant
419 377 519 456 rarae)
536 376 596 435 huc
611 376 750 448 cr'msilir‘),
764 385 797 434 ut
809 385 840 434 et
850 375 1003 436 muntium
1081 421 1085 425 -

105 479 267 538 altitudine
292 487 467 556 tegerentur
493 488 524 537 et
549 480 691 538 arborum
716 487 815 538 tractu
845 478 1003 556 equitatus

104 583 239 642 hostium
264 583 470 659 impediretur,
494 589 533 640 ne
557 582 752 641 multitudine
776 582 999 646 clauderentur.

70 698 88 748 4
107 686 205 758 Datis,
223 695 282 745 etsi
304 693 366 745 nr'm
390 704 522 762 aequum
541 685 641 744 locum
662 685 787 744 videbat
807 695 879 758 suis,
896 696 1002 746 tamen

104 791 201 849 fretus
217 797 345 849 numerr')
360 789 516 866 cupiarum
532 798 655 848 suarum
668 789 833 866 confligere
846 790 1000 866 cupiebat,
1038 804 1051 856 5

105 901 205 969 euque
227 892 334 970 magis,
357 893 448 968 quod,
470 891 648 968 priusquam
672 892 910 951 Lacedaemonii
932 893 1003 952 suu

106 996 185 1056 sidir‘)
200 1005 349 1067 venirent,
370 995 515 1054 dimicare
536 994 609 1053 utile
630 995 844 1054 arbitrabatur.
890 998 1000 1073 Itaque

105 1100 137 1158 in
164 1099 261 1158 aciem
290 1098 429 1176 peditum
460 1108 592 1170 centum,
618 1098 756 1174 equitum
785 1099 892 1157 decem
917 1099 1001 1157 milia

72 1213 88 1262 5
105 1204 249 1280 prbduxit
264 1202 475 1279 proeliumque
492 1201 653 1260 commisit.
700 1205 736 1259 In
753 1209 814 1277 qus)
829 1208 918 1262 tants>
932 1202 1001 1279 plus

105 1307 216 1365 virtute
238 1307 399 1365 valuerunt
422 1305 629 1363 Athenienses
651 1314 684 1362 ut
706 1305 926 1381 decemplicem
949 1321 1053 1365 nu-10

106 1429 222 1468 merum
248 1409 383 1468 hostium
412 1407 612 1485 prufligarint
637 1409 777 1484 aderique
807 1416 861 1467 eus
890 1417 1001 1485 perter-

105 1521 230 1572 ruerunt
252 1522 285 1571 ut
309 1515 420 1570 Persae
441 1519 504 1570 min
524 1520 634 1583 castra,
652 1511 707 1569 sed
730 1519 825 1570 naves
847 1511 999 1588 petierint.

107 1616 177 1690 Qua
192 1625 296 1693 pugna
311 1615 387 1673 nihil
403 1616 503 1673 adhuc
519 1613 635 1673 exstitit
651 1614 798 1673 nubilius:
821 1614 905 1674 nulla
920 1615 1002 1675 enim

106 1738 251 1795 umquam
273 1728 336 1777 tam
359 1717 469 1795 exigua
489 1736 599 1776 manus
618 1726 721 1775 tantas
736 1725 812 1793 opes
826 1718 1000 1794 prristra'tvit.

70 1833 93 1894 6
149 1808 250 1883 Cuius¹
265 1821 411 1882 victuriae
432 1829 494 1880 nr'm
516 1820 648 1879 alienum
669 1820 789 1879 videtur
809 1821 900 1897 quale
918 1840 1002 1898 prae·
1021 1842 1051 1895 15

106 1927 200 1984 mium
231 1919 365 1984 Miltiadi
395 1925 434 1984 sit
463 1924 610 1983 tributum
640 1925 760 1996 docere,
792 1931 852 1999 quc
881 1924 1002 1984 facilius

107 2030 243 2106 intellegi
258 2028 357 2106 possit
373 2028 504 2087 eandem
520 2027 655 2086 omnium
667 2027 824 2086 civitatum
836 2046 905 2086 esse
918 2037 1002 2087 natu-

72 2147 179 2196 2ram.
225 2134 268 2192 Ut
294 2132 375 2191 enim
399 2132 504 2208 populi
527 2132 661 2190 Ruma'mi
687 2131 819 2189 honures
846 2131 1002 2206 quondam

105 2238 229 2295 fuerunt
251 2244 311 2294 rari
331 2245 362 2294 et
380 2242 489 2293 tenues
510 2233 551 2292 ob
572 2252 701 2309 eamque
722 2252 846 2291 causam
866 2233 1001 2310 gluri6s1‚

107 2360 189 2398 nunc
216 2349 319 2397 autern
345 2338 435 2396 effusi
461 2346 554 2412 atque
581 2335 721 2407 obsoleti,
748 2345 792 2394 sic
818 2336 890 2395 alim
920 2338 1002 2415 apud
1020 2361 1051 2396 κο

73 2448 90 2499 3
108 2442 316 2502 Athenienses
337 2441 434 2498 fuisse
457 2449 634 2515 reperimus.
680 2441 822 2515 Namque
843 2439 914 2498 huic
935 2439 1003 2498 Mil-

107 2547 191 2619 tiadi,
217 2554 269 2622 qui
286 2546 439 2604 ‘Athenas
468 2551 627 2619 tritamque
656 2542 819 2601 Graeciam
849 2542 1000 2617 liberarat,

107 2650 178 2710 talis
204 2651 303 2708 honus
329 2648 462 2707 tributus
488 2656 544 2719 est,
569 2646 600 2703 in
623 2645 751 2722 porticu,
774 2665 853 2721 quae
880 2647 1003 2706 Poecile

107 2762 242 2825 vocatur,
260 2772 329 2811 cum
344 2761 447 2828 pugna
466 2749 683 2826 depingeretur
700 2749 905 2822 Marathcnia,
923 2759 956 2809 ut
971 2750 1001 2809 in

107 2858 215 2917 decern
235 2864 409 2933 praeturum
432 2860 558 2912 numeru
580 2862 677 2929 prima
699 2852 765 2911 eius
788 2852 889 2930 imagi)
911 2861 1003 2931 pr’me
1021 2877 1051 2928 ²5

151 3043 163 3095 5
179 3030 328 3093 cunfligere,
348 3025 540 3090 pagatim-6
558 3024 688 3089 subsidii),
706 3026 857 3073 auxilia—
868 3038 894 3074 rr
915 3027 1004 3092 prifli-

108 3113 209 3178 gitrint,
223 3112 420 3175 prastrrzarinr.
433 3138 466 3145 -
481 3123 510 3167 14
527 3109 635 3172 exigua,
651 3115 735 3170 parva
742 3124 753 3165 ;
777 3110 851 3173 opes,
870 3112 1004 3172 capias.-

110 3210 139 3259 19
151 3197 214 3261 riri,
223 3200 320 3258 pauca]
339 3192 457 3258 gluribsi,
469 3193 606 3254 praeclari.
614 3205 686 3239 —20
698 3191 772 3255 alim,
783 3194 920 3254 quondam.
929 3222 962 3230 —
972 3205 1002 3258 25

107 3281 269 3344 praeturum,
283 3279 384 3325 ducum.
