2294 3638
145 207 177 282 tir
444 200 649 279 nauminia.
687 247 707 296 5,
720 233 742 280 a.

145 407 245 473 ratori,
274 399 359 459 dedit
385 400 487 458 verba.
534 401 676 476 Namque
703 400 838 458 obducta
864 411 955 458 nocte
982 420 1041 458 sar-

144 512 249 561 menta
278 503 308 560 in
339 502 483 560 cornibus
512 503 710 561 iuvencorum
740 503 874 579 deligata
904 503 1040 562 incendit

144 603 272 681 eiusque
294 605 416 682 generis
440 605 666 664 multitudinem
692 614 833 682 magnam
858 606 1039 681 dispalatam

145 708 278 767 immisit.
324 709 394 781 Quo
413 717 575 785 repentino
591 708 714 767 obiecto
730 718 796 766 visit
812 718 931 767 tantum
949 717 1040 767 terro-

144 831 206 869 rem
229 811 333 870 iniecit
355 812 501 869 exercitui
526 813 736 871 Romanorum
760 823 792 871 ut
824 813 928 888 egredi
955 822 1039 870 extra
1077 831 1089 879 5

109 915 256 978 avallum
280 922 371 973 nemo
397 915 437 973 sit
463 934 566 974 ausus
621 917 714 974 Hanc
739 924 810 991 post
834 934 897 972 rem
921 924 1039 991 gestam

94 1006 99 1016 ’
144 1025 205 1076 non
222 1018 264 1076 ita
284 1019 386 1077 multis
409 1018 519 1076 diebus
543 1020 586 1077 M.
605 1019 775 1076 Minucium
801 1019 924 1089 Rufum,
949 1019 1039 1094 magi-

143 1131 238 1180 strum
255 1121 390 1197 equitum
406 1130 524 1197 pariae
540 1121 719 1181 dictatorem
736 1121 872 1198 imperio,
886 1122 958 1180 dolo
974 1130 1039 1197 pro·
1113 1151 1116 1155 ¹

143 1225 268 1283 ductum
281 1225 311 1282 in
324 1224 473 1301 proelium
485 1225 611 1301 fugavit.
656 1225 814 1284 Tiberium
826 1225 1038 1300 Sempronium

143 1328 325 1401 Gracchum,
342 1328 451 1387 iterum
474 1329 642 1401 consulem,
662 1329 693 1401 in
715 1332 848 1388 Lucanis
872 1330 985 1387 absens
1008 1330 1038 1386 in
1059 1353 1088 1386 10

143 1430 271 1490 insidias
294 1432 453 1490 inductum
476 1432 609 1491 sustulit.
655 1435 698 1491 M.
723 1432 887 1492 Claudium
911 1433 1038 1491 Mareel-

142 1535 214 1608 lum,
228 1534 392 1612 quinquies
404 1535 571 1608 consulem,
586 1537 667 1612 apud
680 1537 848 1596 Venusiam
864 1548 929 1614 pari
945 1538 1038 1596 modo
1075 1587 1077 1591 .

108 1638 303 1697 tinterfecit.
353 1641 493 1715 Longum
516 1649 564 1697 est
585 1640 689 1698 omnia
711 1647 889 1699 enumerare
912 1640 1035 1716 proelia.

143 1742 245 1814 Quare
264 1743 323 1801 hoc
342 1751 434 1800 unum
454 1741 529 1800 satis
548 1741 605 1801 erit
623 1743 748 1816 dictum,
766 1764 804 1803 ex
822 1753 883 1821 quo
901 1744 1037 1820 intellegi

142 1848 241 1923 possit
256 1859 389 1925 quantus
412 1848 463 1908 ille
484 1848 593 1909 fuerit:
627 1850 774 1926 quamdiu
798 1849 829 1907 in
855 1843 944 1908 ltalia
969 1849 1035 1920 fuit,
1058 1871 1087 1922 15

143 1958 233 2011 nemo
255 1961 283 2010 ei
307 1952 337 2009 in
361 1951 426 2010 acie
448 1951 569 2025 restitit,
591 1959 682 2012 nemo
704 1954 851 2011 adversus
874 1971 944 2010 eum
967 1962 1038 2027 post

143 2044 339 2113 Cannensem
355 2065 489 2133 pugnam
505 2055 536 2113 in
552 2063 661 2132 campo
676 2066 777 2114 castra
793 2055 903 2131 posuit.

106 2164 129 2224 6
185 2157 269 2216 Hinc
285 2157 417 2217 invictus
430 2158 559 2234 patriam
572 2158 733 2217 defensum
746 2168 907 2217 revocatus
923 2159 1036 2217 bellum

140 2261 238 2337 gessit
256 2262 403 2320 adversus
422 2263 452 2319 P.
473 2261 659 2338 Scipionem,
676 2261 775 2319 filium
795 2261 861 2320 eius
883 2261 1036 2337 Scipionis

142 2383 231 2440 quem
262 2364 327 2441 ipse
357 2373 455 2441 primo
484 2365 567 2442 apud
594 2365 790 2436 Rhodanum,
816 2365 924 2424 iterum
955 2366 1036 2442 apud
1056 2388 1087 2421 20

107 2468 268 2540 2Padum,
294 2468 385 2528 tertio
412 2468 494 2544 apud
519 2467 665 2527 Trebiam
690 2469 818 2545 fugarat.
873 2470 951 2528 Cum
977 2469 1036 2527 hoc

141 2572 299 2630 exhaustis
324 2572 384 2630 iam
408 2572 526 2648 patriae
548 2571 748 2631 facultatibus
772 2572 887 2648 cupivit
910 2571 1037 2648 imprae-

141 2675 307 2735 sentiarum
328 2676 442 2734 bellum
463 2683 657 2752 componere,
676 2683 738 2752 quo
759 2675 909 2734 valentior
929 2684 1037 2752 postea

141 2760 385 2856 congrederetur.
439 2781 475 2836 In
495 2778 693 2856 conloquium
717 2779 880 2838 convenit:
904 2778 1037 2837 condici-

106 2890 216 2944 3ones
246 2891 308 2941 non
339 2890 556 2942 convenerunt.
620 2885 694 2941 Post
722 2881 754 2941 id
783 2883 900 2941 factum
930 2891 1036 2958 paucis
1056 2901 1086 2953 ²5

140 2985 250 3045 diebus
273 2987 354 3062 apud
377 2989 500 3044 Zamam
523 3005 591 3044 cum
614 2987 725 3045 eodem
748 2986 902 3058 conflixit3
930 2986 1036 3062 pulsus

183 3152 195 3203 5
220 3140 320 3203 egredi,
340 3138 480 3187 exire—8
505 3139 574 3204 pari,
594 3140 685 3188 eidem.
697 3152 769 3203 -13
794 3140 956 3202 enumerare,
976 3155 1037 3185 com-

138 3228 368 3271 memorare-22
387 3221 576 3286 facultitibus,
596 3223 692 3285 ιᾶρίῖαν,ο
727 3221 989 3288 impraesentiirum,
1009 3223 1036 3267 in

119 3307 287 3356 praesentati
