2294 3638
104 227 136 277 62
398 226 616 276 scaminus.
654 226 711 291 ,a

105 395 272 454 uidissent:
307 415 439 473 namque
462 395 514 453 illa
536 394 739 466 multitudine,
764 403 791 452 si
815 403 891 452 sana
915 402 1002 452 mens

105 508 195 571 esset,
221 499 371 557 Graeciae
398 497 582 574 supplicium
609 501 719 557 Persas
749 498 823 557 dare
852 497 1000 574 potuisse.

71 610 87 658 3
106 589 202 674 idem,
219 621 288 661 cum
307 586 500 661 adversaries
521 601 601 660 intra
618 601 740 659 moenia
756 600 957 676 compulisset
972 612 1003 661 et

105 716 138 764 ut
151 698 542 782 Corinthum'oppugnaret
558 705 645 764 multi
660 706 863 776 hortarentur,
878 705 1003 782 negavit

105 808 137 867 id
159 827 232 867 suae
248 808 351 867 virtuti
373 816 555 867 convenire:
590 815 623 866 se
643 798 724 866 enim
746 827 815 866 eum
835 826 905 866 esse
926 808 1002 867 dixit
1037 822 1049 873 5

105 923 157 990 qui
180 915 219 971 ad
242 913 375 971 officium
397 920 563 990 peccantes
586 914 684 972 redire
707 921 838 990 erigeret,
863 921 926 972 nen
950 924 1001 990 qui

71 1018 197 1076 4urbes
228 1017 437 1076 nebilissimas
468 1026 657 1094 expugnaret
686 1018 844 1076 Graeciae.
893 1021 1001 1077 “Nam

106 1122 162 1186 si'?
179 1121 286 1197 inquit,
308 1129 389 1179 “ees
410 1121 604 1197 exstinguere
621 1121 807 1179 voluerimus
826 1131 878 1196 qui
901 1122 1002 1180 nebis-

48 1274 52 1281 .
82 1207 174 1283 'cum
198 1225 345 1284 adversus
367 1224 516 1283 barbares
539 1232 697 1295 steterunt,
720 1231 842 1283 nesmet
864 1224 923 1301 ipsi
945 1233 1002 1283 nes
1051 1225 1054 1229 ’

106 1328 381 1404 expugnaverimus
398 1328 458 1386 illis
474 1327 713 1403 quiescentibus,
749 1328 820 1400 Qua
835 1328 920 1387 facte
936 1327 1001 1386 sine
1021 1346 1049 1379 10

106 1431 239 1507 negritia,
257 1451 326 1489 cum
342 1430 502 1502 voluerint,
520 1439 577 1490 nes
593 1431 796 1507 oppriment‚”

4 1553 8 1565 ·
70 1527 93 1586 6
149 1534 276 1592 Interim
292 1533 404 1592 accidit
421 1533 473 1590 illa
488 1534 646 1592 calamitas
662 1534 745 1610 apud
761 1535 894 1593 Leuctra
911 1537 1003 1593 Lace-

106 1637 286 1696 daemoniis.
319 1638 389 1710 Qua
406 1645 444 1695 ne
459 1638 711 1713 proficisceretur,
729 1656 798 1696 cum
813 1646 832 1697 a
847 1638 1002 1714 plerisque

72 1762 74 1766 ·
107 1741 146 1799 ad
169 1723 342 1799 exeundum
363 1748 558 1816 premeretur,
576 1752 609 1799 ut
632 1750 658 1799 si
680 1741 719 1799 de
741 1740 824 1800 exitii
839 1741 1000 1812 divinaret,

107 1855 188 1904 exire
218 1846 324 1904 naluit.
381 1832 477 1917 idem,
506 1864 575 1903 cum
602 1845 833 1920 Epaminondas
861 1846 1002 1921 Spartam
1022 1859 1048 1909 15

107 1957 297 2025 oppugnaret
316 1958 460 2024 essetque
481 1948 548 2007 sine
567 1958 660 2006 muris
681 1948 837 2024 oppidum,
854 1949 946 2007 talem
969 1956 1001 2007 se

108 2052 321 2127 imperaterem
340 2051 482 2127 praebuit
498 2061 531 2110 ut
547 2059 584 2110 ee
600 2062 737 2127 tempore
751 2051 895 2110 omnibus
908 2060 1002 2128 ¹appa-

107 2155 207 2226 ruerit,
225 2154 283 2212 nisi
300 2155 351 2213 ille
366 2154 484 2227 inisset,
505 2157 645 2231 Spartam
664 2155 797 2213 futuram
818 2162 879 2214 nen
895 2155 1000 2213 fuisse.

74 2260 144 2315 2In
175 2266 237 2333 que
267 2259 390 2333 quidem
421 2257 597 2316 discrimine
627 2257 768 2317 celeritas
797 2257 864 2316 eius
893 2258 1002 2317 censili

108 2362 198 2420 saluti
217 2361 275 2418 fuit
296 2361 455 2419 universis.
502 2364 581 2419 Nam
597 2381 666 2420 cum
682 2363 807 2437 quidam
825 2362 1002 2420 adulescen-
1020 2374 1049 2407 20

107 2465 171 2535 tuli,
189 2464 323 2522 hostium
339 2466 473 2523 adventii
488 2465 648 2541 perterriti,
667 2465 706 2523 ad
721 2465 890 2523 Thebanes
908 2473 1002 2524 trans-

107 2568 212 2644 fugere
223 2569 336 2626 vellent
346 2578 376 2626 et
387 2569 486 2625 locum
497 2568 698 2658 extralurbem
711 2567 827 2627 editum
837 2568 1000 2644 cepissent,

75 2701 81 2710 ·
108 2672 280 2749 Agesilaus
295 2680 347 2747 qui
362 2670 657 2746 perniciesissimum
673 2672 738 2730 fore
754 2670 880 2742 videret,
899 2680 926 2730 si
942 2670 1002 2729 ani-

108 2777 300 2835 madversum
317 2783 399 2832 esset
415 2793 600 2849 quemquam
616 2774 655 2832 ad
680 2775 785 2833 hostes
811 2775 1002 2851 transfugere

108 2887 221 2951 cenari,
244 2898 311 2937 cum
334 2887 397 2936 suis
413 2885 450 2936 eri
466 2877 549 2935 venit
570 2887 672 2953 atque,
695 2887 728 2935 ut
748 2886 775 2936 si
794 2878 882 2949 bone,
901 2877 1002 2936 anime
1021 2884 1049 2936 ²5

150 3068 163 3100 2
182 3053 356 3117 supplicium,
365 3059 544 3114 poenam-3
563 3051 747 3115 compulisset,
760 3053 941 3114 enigrimi—7
959 3052 1004 3101 ne·

106 3137 266 3201 bilissimas,
280 3137 445 3183 clarissimas.
454 3162 487 3168 —
497 3149 522 3180 11
539 3135 655 3198 negetis),
668 3135 757 3182 labare.
765 3162 799 3169 -
808 3147 836 3181 12
849 3134 1002 3197 calamitis,

106 3222 240 3268 cluden-
251 3234 279 3279 14
298 3219 471 3282 premeretur,
492 3222 645 3279 nugaretum·
670 3217 815 3281 divinaret,
829 3222 1002 3279 praesentiret.

103 3330 136 3336 —
144 3317 177 3350 22
194 3303 308 3365 editum,
322 3303 412 3348 altum.
