2294 3638
453 777 720 866 ΗΑΝΝΙΒΑΙ..

99 1024 121 1081 l
180 1033 369 1104 Hnuurnnc,
406 1029 594 1089 Hamilcaris
627 1029 721 1102 fitius,
753 1028 1031 1106 Karthaginiensis.

138 1136 170 1194 Si
192 1133 296 1194 vorum
318 1144 374 1206 est,
391 1135 475 1210 quod
498 1141 589 1193 nemo
612 1133 741 1205 dubitat,
763 1143 796 1191 ut
819 1134 951 1209 populus
975 1135 1034 1191 Ro-

136 1247 245 1296 manus
268 1244 376 1297 omnes
397 1244 507 1314 gentes
528 1236 639 1295 virtute
660 1235 819 1312 superarit,
837 1244 899 1294 non
923 1246 970 1295 est
993 1245 1034 1294 in·
1071 1274 1075 1279 -

136 1341 297 1400 fitiandum
329 1340 539 1400 Hannibalem
571 1348 659 1400 tanto
691 1340 881 1416 praestitisse
915 1348 1034 1399 ceteros

102 1468 104 1474 ·
137 1445 336 1521 imperatores
366 1422 539 1520 prudentia,
568 1451 685 1520 quanto
714 1443 846 1520 populus
874 1446 1034 1503 Romanus
1070 1469 1083 1520 5

101 1562 119 1612 2
137 1549 300 1608 antecedat
318 1547 499 1632 fortitudine
520 1557 648 1607 cunctas
669 1546 820 1606 nationes.
867 1549 945 1605 Nam
963 1567 1035 1624 quo-

136 1651 349 1727 tienscumque
371 1670 440 1710 cum
461 1658 499 1711 eo
519 1670 704 1728 congressus
724 1661 772 1710 est
792 1651 823 1708 in
843 1637 940 1723 Italia,
958 1670 1034 1710 sem-

136 1775 191 1831 per
220 1750 364 1819 discessit
394 1755 541 1831 superior.
597 1754 690 1827 Quod
720 1754 781 1813 nisi
810 1755 893 1813 domi
922 1754 1040 1824 civium,
1104 1821 1106 1825 7

137 1866 260 1918 suorum
283 1859 397 1918 invidia
420 1858 598 1918 debilitatus
620 1867 711 1932 esset,
733 1860 892 1917 Romanos
914 1858 1035 1917 videtur

136 1972 280 2037 superare
304 1962 451 2038 potuisse.
498 1962 559 2021 Sed
585 1963 749 2022 multorum
775 1961 959 2021 obtrectatio
985 1962 1034 2021 de-
1051 1988 1083 2023 ro

45 2143 47 2147 ἱ
136 2065 209 2124 vicit
224 2074 315 2124 unius
330 2065 481 2124 virtutem.

102 2173 119 2221 3
180 2171 242 2227 Hic
258 2179 360 2227 autem
375 2169 459 2227 velut
474 2169 644 2228 hereditate
661 2170 800 2228 relictum
816 2169 920 2227 odium
936 2179 1034 2245 pater-

137 2292 209 2329 num
222 2281 294 2349 erga
308 2275 469 2331 Romanos
485 2282 530 2332 sic
542 2272 736 2332 conservavit
752 2282 785 2331 ut
800 2271 885 2348 prius
901 2272 1033 2330 animam

138 2396 228 2452 quam
244 2376 276 2434 id
292 2376 479 2451 deposuerit,
496 2385 548 2452 qui
570 2376 703 2453 quidem,
720 2395 790 2435 cum
809 2375 907 2453 patria
927 2376 1034 2452 pulsus

137 2489 220 2538 esset
236 2489 266 2537 et
282 2479 449 2538 alienarum
471 2498 563 2554 opum
584 2479 743 2556 indigeret,
761 2499 926 2555 numquam
944 2479 1035 2538 desti·
1056 2504 1083 2554 ¹5

87 2577 123 2635 -2
137 2583 208 2641 terit
220 2582 322 2642 animo
334 2582 449 2641 bellare
463 2602 532 2640 cum
545 2584 704 2642 Romanis.
751 2584 829 2640 Nam
847 2592 880 2641 ut
895 2582 1033 2641 omittam

138 2685 323 2760 Philippum,
340 2704 431 2761 quem
451 2686 563 2744 absens
584 2686 704 2744 hostem
721 2685 856 2744 reddidit
875 2687 1032 2756 Romanis,

137 2789 272 2846 omnium
289 2789 325 2846 iis
341 2788 532 2864 temporibus
548 2788 780 2864 potentissimus
796 2796 848 2847 rex
861 2789 1034 2848 Antiochus

136 2891 202 2950 fuit.
247 2894 354 2950 -Hunc
376 2901 462 2950 tanta
485 2892 653 2968 cupiditate
680 2891 817 2950 incendit
842 2892 979 2951 bellandi
1002 2901 1035 2950 ut

178 3039 193 3084 4
211 3024 392 3088 praestitisse,
411 3026 576 3086 superavisse.
587 3024 643 3071 -6
661 3026 781 3088 cunctas,
802 3029 956 3086 omnen-7
975 3038 1036 3077 con-

137 3121 244 3172 gressus
256 3111 307 3172 est,
321 3109 460 3155 dimicavit.
471 3121 542 3169 -13
561 3107 691 3171 animam,
709 3112 795 3154 vitam.
804 3135 838 3142 -
851 3107 881 3155 16
897 3108 1034 3172 omittam,

131 3199 303 3250 praeteream.
