2294 3638
385 187 603 237 AGESILAUS.
638 186 694 236 6-8.
956 185 988 237 63

87 357 247 429 iecissent,
285 355 422 415 laudavit
459 355 622 415 censilium
657 360 771 428 earum,
803 354 887 430 quod
918 373 987 412 eum

88 463 191 521 locum
221 468 437 536 occupassent,
465 468 496 517 et
522 467 555 518 se
579 478 703 535 quoque
729 458 761 517 id
785 459 851 517 fieri
874 459 987 517 debere

53 564 355 624 3animadvertisse.
401 552 452 623 Sic
478 563 692 623 adulescentes
719 563 862 622 simulata
885 563 988 622 lauda·
1030 553 1033 560 ⁶

89 670 175 729 tiene
201 667 394 744 recuperavit
419 677 450 726 et
476 666 630 726 adiunctis
659 668 697 726 de
730 675 794 725 suis
824 666 988 725 comitibus

90 773 192 832 locum
218 780 317 831 tutum
342 770 473 848 reliquit.
519 772 660 845 Namque
686 770 729 827 illi
753 779 835 828 aucti
853 778 988 829 numere
1024 784 1037 836 5

90 884 197 935 earum
227 883 280 951 qui
307 881 449 951 expertes
478 882 566 932 erant
595 873 713 945 censili,
741 881 933 932 commovere
956 881 988 932 se

91 983 154 1035 nan
174 985 246 1034 sunt
266 983 334 1033 ausi
355 982 454 1049 eaque
475 973 630 1046 libentius,
648 974 731 1049 quod
752 974 846 1033 latere
866 973 989 1032 arbitra·

90 1077 205 1135 bantur
219 1094 299 1151 quae
315 1073 534 1151 cegitaverant.

55 1192 77 1250 '7
135 1177 595 1255 SinedubiepostLeuctricam
607 1177 989 1255 pugnamLacedaemonii

92 1291 126 1342 se
147 1301 313 1358 numquam
333 1283 506 1341 refecerunt
527 1300 627 1358 neque
648 1281 810 1358 pristinum
829 1282 988 1358 imperium
1011 1311 1040 1344 10

92 1394 322 1462 recuperarunt,
339 1404 408 1444 cum
429 1384 550 1444 interim
571 1405 738 1461 numquam
754 1386 917 1463 Agesilaus
940 1386 990 1445 de·

93 1490 171 1550 stitit
197 1489 442 1566 quibuscumque
468 1490 559 1548 rebus
585 1499 692 1565 posset
717 1489 847 1565 patriam
876 1490 988 1548 iuvare.

58 1597 175 1654 2Nam
200 1612 270 1652 cum
294 1591 458 1669 praecipue
483 1592 721 1652 Lacedaemonii
745 1593 918 1670 indigerent
941 1613 991 1669 pe·

93 1696 194 1769 cunia,
212 1696 263 1755 ille
279 1695 423 1756 omnibus
439 1705 492 1774 qui
506 1704 525 1755 a
540 1703 611 1773 rege
634 1697 819 1769 defecerant,
836 1697 991 1773 praesidia

93 1800 168 1872 {uit3
193 1800 339 1878 aquibus
355 1807 466 1885 magna
482 1799 615 1859 danatus
630 1799 762 1876 pecunia
777 1800 906 1875 patriam
923 1801 991 1859 suh·
1012 1827 1040 1879 ¹5

58 1904 216 1964 alevavit.
262 1907 365 1980 Atque
388 1903 419 1960 in
441 1903 502 1962 hec
524 1902 598 1962 illud
619 1903 650 1960 in
671 1913 776 1978 primis
791 1904 849 1962 fuit
865 1905 991 1962 admira·

93 2008 165 2079 bile,
183 2027 252 2067 curn
272 2007 404 2067 maxima
422 2016 549 2065 munera
563 2017 591 2065 ei
607 2007 646 2065 ab
662 2006 785 2084 regibus
800 1987 836 2066 ac
852 2008 991 2085 dynastis

93 2111 335 2186 civitatibusque
351 2111 571 2182 cenferrentur,
585 2111 668 2186 quod
683 2110 758 2167 nihil
781 2130 925 2187 umquam
941 2112 992 2170 du

94 2234 178 2273 mum
199 2233 285 2274 suam
306 2214 445 2287 contulit,
462 2213 538 2272 nihil
559 2214 598 2272 de
618 2222 708 2286 victu,
725 2214 800 2271 nihil
821 2215 860 2273 de
880 2224 993 2273 vestitu

60 2321 255 2378 4Lacenum
280 2317 416 2381 mutavit.
472 2318 572 2375 Dome
602 2317 711 2401 eadem
740 2316 798 2374 luit
828 2327 992 2376 contentus
1012 2345 1043 2377 20

95 2431 157 2498 qua
179 2421 396 2499 Eurysthenes,
413 2408 590 2497 pragenitor
610 2420 759 2479 maiarum
782 2429 914 2493 suerum,
931 2422 993 2479 lue·

95 2535 142 2584 rat
163 2535 255 2597 usus,
279 2543 370 2600 quam
391 2532 444 2600 qui
464 2523 600 2595 intrarat,
619 2523 733 2581 nullum
755 2534 875 2601 signum
896 2525 993 2583 libidi-

96 2630 152 2701 nis,
165 2629 282 2687 nullum
294 2627 429 2686 luxuriae
443 2626 546 2685 videre
558 2637 687 2703 poterat,
698 2637 805 2686 contra
817 2648 853 2686 ea
865 2628 994 2704 plurima

95 2731 264 2808 patientiae
291 2742 383 2807 atque
409 2729 624 2789 abstinentiae.
680 2732 729 2789 Sic
756 2731 837 2789 enim
863 2741 928 2790 erat
951 2741 993 2789 in·

96 2845 213 2895 structa
227 2845 261 2893 ut
277 2835 307 2892 in
324 2816 407 2893 milla
422 2841 454 2892 re
470 2833 607 2892 differret
622 2833 756 2892 cuiusvis
779 2834 880 2910 inopis
901 2846 993 2911 atque
1013 2861 1025 2894 2
1031 2860 1044 2911 ς

95 2947 215 3016 privati.

61 3046 84 3106 8
139 3045 243 3118 Atque
258 3041 309 3099 hic
325 3049 428 3100 tantus
444 3040 488 3098 vir
504 3050 537 3097 ut
553 3049 691 3098 naturam
707 3041 866 3099 fautricem
882 3041 994 3099 habue-

129 3199 145 3248 9
174 3184 233 3236 sine
256 3183 348 3248 dubis),
371 3184 574 3247 profecta—14
603 3181 766 3248 defecerant,
791 3185 994 3232 desciverant.-

99 3268 128 3317 18
146 3266 340 3330 canferrentur,
353 3268 535 3315 dammum—2
540 3279 552 3330 5
570 3266 670 3331 inopis,
685 3269 818 3330 pauperis.
