2294 3638
405 195 620 244 PELOPIDAS.
658 209 678 252 1,
693 209 713 242 2.
977 194 1008 245 53

110 363 370 440 Peloponnesium
400 364 514 422 bellum
542 362 743 438 Athenasque
772 364 909 422 devictas
938 382 1007 422 cum

109 467 270 526 Thebanis
295 466 353 526 sibi
377 486 441 524 rem
465 485 534 525 esse
558 466 777 525 existimabant
802 475 832 525 et
859 474 912 526 ees
939 485 1007 525 esse

73 580 91 628 4
109 571 193 630 seles
209 579 261 646 qui
277 571 424 629 adversus
442 570 584 628 resistere
606 570 762 628 auderent.
809 571 879 628 Hac
906 579 1007 629 mente

110 683 217 734 amicis
233 684 297 733 suis
313 682 449 732 summas
468 680 639 750 potestates
656 673 806 731 dederant
821 673 1006 748 alteriusque

47 840 50 845 ,
109 778 255 838 factienis
270 777 426 855 principes
445 777 555 852 partim
577 776 802 848 interfecerant,
821 776 897 835 alias
913 776 943 833 in
960 795 1008 834 ex·
1044 793 1057 844 5

110 881 212 940 silium
235 882 406 941 eiecerant:
430 881 460 938 in
485 880 597 956 quibus
622 880 787 955 Pelopidas
810 880 867 952 hic,
885 880 923 938 de
947 887 1007 955 que

111 987 244 1044 scribere
260 993 360 1046 exorsi
377 1005 490 1057 sumus,
508 985 615 1061 pulsus
632 983 731 1059 patria
747 983 880 1041 carebat.

72 1082 95 1141 2
155 1091 199 1147 Hi
220 1097 327 1148 omnes
347 1090 411 1148 fere
428 1090 568 1149 Athenas
591 1096 624 1148 se
648 1087 851 1156 contulerant,
868 1094 930 1146 non
947 1094 1008 1162 que

111 1203 312 1268 sequerentur
327 1193 431 1265 etium,
448 1193 503 1252 sed
520 1203 561 1265 ut,
579 1212 670 1270 quem
690 1211 727 1250 ex
747 1190 885 1267 proxima
907 1191 1007 1248 locum

84 1297 174 1355 'fors
200 1297 371 1367 obtulisset,
399 1304 436 1356 ee
459 1297 589 1372 patriam
619 1307 798 1374 recuperare
830 1306 1006 1356 niterentur.
1029 1316 1058 1350 ro

76 1402 222 1474 uitaque
241 1419 310 1458 cum
329 1409 449 1476 tempus
467 1411 550 1458 esset
566 1409 664 1459 visum
685 1410 728 1460 rei
748 1401 911 1478 gerendae,
929 1418 1008 1457 com·
1094 1441 1096 1445 -

112 1503 243 1561 maniter
261 1507 337 1587 cum⁴
351 1504 388 1562 iis
411 1512 463 1580 qui
483 1503 600 1562 Thebis
621 1505 703 1563 idem
723 1504 908 1574 sentiebant,
926 1502 1008 1560 diem

112 1606 292 1683 delegerunt
318 1606 357 1664 ad
381 1604 521 1666 inimices
547 1608 766 1683 opprimendas
791 1606 1008 1681 civitatemque

111 1710 302 1768 liberandam
319 1728 388 1768 eum
404 1717 465 1786 que
482 1711 605 1769 maximi
621 1711 817 1787 magistratus
833 1710 923 1768 simul
939 1717 1008 1768 cen-

78 1816 94 1864 3
112 1821 238 1871 suerant
257 1813 382 1889 epulari.
430 1815 562 1889 Magnae
579 1833 672 1890 saepe
688 1822 736 1873 res
753 1821 813 1872 nen
831 1813 873 1872 ita
888 1821 1008 1888 magnis
1029 1839 1058 1890 15

113 1916 209 1991 capiis
234 1926 306 1974 sunt
326 1925 442 1992 gestae,
461 1917 516 1975 sed
538 1918 679 1993 proiecte
699 1935 865 1992 numquam
886 1926 948 1974 tam
969 1916 1008 1974 ab

112 2029 197 2078 tenui
228 2019 315 2079 initie
345 2029 449 2078 tantae
479 2027 554 2095 opes
584 2030 656 2079 suut
684 2020 873 2096 prefligatae.
928 2021 1008 2076 Nam

112 2123 277 2181 duodecim
299 2123 523 2182 adulescentuli
546 2124 684 2182 coierunt
706 2142 743 2181 ex
765 2123 802 2181 iis
827 2132 878 2199 qui
901 2122 1009 2181 exsilia

113 2236 200 2285 erant
230 2227 359 2298 multati,
391 2245 460 2285 cum
491 2234 616 2286 omnine
649 2234 712 2285 nen
744 2236 849 2285 essent
878 2225 1009 2301 amplius

113 2340 246 2401 centum,
263 2339 315 2405 qui
337 2337 424 2388 tante
444 2337 477 2388 se
498 2330 644 2388 offerrent
663 2330 807 2406 pericula.
853 2330 923 2402 Qua
939 2348 1009 2404 pau·
1029 2359 1059 2391 20

78 2441 95 2488 4
113 2433 204 2491 citate
219 2433 361 2509 perculsa
378 2442 425 2491 est
441 2433 757 2492 Lacedaemonierum
772 2432 919 2508 potentia.
967 2434 1010 2488 Hi

113 2537 195 2596 euim
214 2544 275 2595 non
296 2536 393 2612 magis
410 2535 654 2595 adversariarum
669 2536 798 2595 factieni
814 2555 906 2612 quam
924 2537 1009 2610 Spar·

113 2649 194 2698 tanis
218 2647 255 2699 ee
279 2650 417 2714 tempore
441 2639 555 2698 bellum
581 2639 756 2710 intulerunt,
779 2648 830 2714 qui
856 2638 1009 2713 principes

113 2753 200 2801 erant
229 2749 324 2802 tetius
354 2743 523 2801 Graeciae:
556 2749 684 2817 quorum
716 2743 823 2818 imperi
854 2742 1008 2813 maiestas

113 2865 213 2921 neque
234 2845 276 2904 ita
296 2845 392 2904 multe
413 2855 492 2920 post,
516 2845 678 2922 Leuctrica
701 2853 804 2921 pugna
827 2845 865 2902 ab
888 2845 946 2902 hoc
970 2843 1012 2900 in·
1030 2871 1061 2922 ²5

80 2953 96 3001 5
113 2948 167 3008 itie
182 2947 324 3024 perculsa
340 2947 484 3006 concidit.
532 2947 581 3005 Illi
594 2947 685 3024 igitur
697 2947 869 3018 duodecim,
881 2953 1010 3022 querum

145 3123 159 3170 7
190 3110 278 3161 exorsi
299 3122 402 3173 sumus,
424 3111 652 3171 incepimu-lo
674 3107 827 3172 obtulisset,
848 3107 992 3155 ostendisset
1000 3123 1010 3164 ;

113 3193 273 3256 niterentur,
303 3197 546 3252 eundumne-17
576 3192 661 3255 tenui,
681 3190 855 3254 parva-18
879 3190 1010 3253 coierunt,

112 3280 289 3325 convenerunt.
