2294 3638
113 203 128 250 2
409 203 622 252 MILTIADES.
661 217 680 261 1,
695 218 716 251 2.

112 369 256 446 aquilene
280 370 417 430 venisset
439 373 598 430 Lemnum.
646 373 707 430 Hic
730 370 812 429 enim
835 380 946 429 ventus
968 371 1008 430 ab

112 472 374 549 septentrienibus
412 473 513 533 oriens
553 475 716 533 adversum
755 483 840 532 tenet
876 475 1009 533 Athenis

77 576 386 652 6pr0ficiscentibus
441 577 598 637 Miltiades
612 556 769 636 'morandi
797 587 919 653 tempus
946 585 1009 637 nen

111 679 230 738 habens
256 699 379 739 cursum
408 681 518 739 direxit
545 688 607 757 que
632 681 781 740 tendebat
806 679 1009 757 pervenitque

113 783 350 842 Chersonesum.
1046 799 1059 851 5

1 951 3 955 ,
70 885 92 945 2
151 885 200 944 Ibi
227 888 313 962 brevi
343 896 480 964 tempore
508 888 709 947 barbarerum
734 886 832 964 cepiis
859 885 1006 960 disiectis

111 996 177 1048 tetri
202 989 326 1066 regiene
353 1010 446 1066 quam
471 991 601 1066 petierat
628 1001 752 1068 potituS,
778 990 846 1049 loca
872 990 1008 1049 castellis

112 1091 225 1152 idenea
240 1093 426 1164 communiit,
444 1080 670 1167 multitudinem
689 1113 781 1170 quam
797 1101 902 1153 secum
918 1094 1008 1152 dirxe-

112 1205 159 1254 rat
192 1196 223 1253 in
256 1207 336 1273 agris
359 1197 531 1256 conlocavit
564 1199 739 1273 crebrisque
775 1196 1008 1256 excursienibus

78 1306 96 1355 2
112 1299 320 1376 locupletavit.
352 1303 461 1377 Neque
476 1301 577 1361 minus
593 1302 624 1359 in
641 1311 677 1361 ee
692 1311 723 1361 re
739 1302 903 1378 prudentie
916 1320 1007 1378 quam
1030 1321 1060 1357 ro

111 1403 259 1462 felicitate
285 1404 408 1463 adiutus
434 1415 490 1464 est.
540 1409 620 1464 Nam
647 1426 716 1464 cum
742 1407 853 1465 virtute
878 1405 1008 1464 militum

113 1498 279 1566 devicisset
300 1508 435 1567 hostium
457 1509 616 1582 exercitiis
641 1519 760 1568 summe
782 1509 937 1585 aequitite
959 1516 1008 1568 res

79 1617 96 1668 3
114 1610 275 1670 censtituit
290 1621 382 1687 atque
398 1611 464 1688 ipse
481 1611 597 1671 ibidem
612 1621 736 1671 manere
753 1611 896 1671 decrevit.
936 1613 1009 1670 Erat

114 1714 195 1772 enim
224 1713 305 1772 inter
334 1722 388 1774 ees
418 1714 568 1792 dignitate
598 1715 689 1793 regie,
715 1725 855 1792 quamvis
884 1714 1009 1773 carebat

114 1816 247 1890 nemine,
265 1837 366 1894 neque
385 1817 417 1877 id
435 1818 533 1896 magis
554 1818 682 1895 imperie
699 1838 790 1894 quam
806 1818 922 1877 iustitie
938 1825 1009 1878 cen·
1029 1836 1059 1888 15

114 1930 247 1980 secutus.
293 1924 402 1998 Neque
423 1929 460 1981 ef>
481 1921 577 1981 setius
594 1921 845 1993 Atheniensibus
862 1930 880 1980 ri
896 1906 1008 1997 q'uibus

113 2033 179 2083 erat
207 2025 373 2101 profectus,
404 2024 504 2084 officia
526 2027 712 2102 praestabat.
767 2025 887 2099 Quibus
916 2024 1008 2084 rebus

112 2128 210 2187 fiebat
231 2137 264 2186 ut
284 2135 345 2187 nen
361 2128 469 2206 ¹minus
487 2137 590 2189 eorum
609 2129 767 2188 voluntete
787 2135 937 2205 perpetue
958 2127 1009 2185 im-

113 2231 231 2308 perium
255 2231 407 2291 obtineret
429 2241 482 2309 qui
504 2242 658 2305 miserant,
683 2251 774 2308 quam
797 2231 917 2290 illerum
939 2250 1009 2290 eum

80 2344 97 2391 4
114 2335 226 2410 quibus
247 2345 313 2394 erat
334 2337 500 2412 profectus,
546 2336 742 2396 Chersonesi)
758 2336 811 2395 teli
831 2335 924 2394 mode
940 2342 1010 2395 cen·
1028 2355 1058 2390 20

114 2437 221 2498 stitute
243 2441 394 2497 Lemnum
416 2439 577 2498 revertitur
599 2448 630 2497 et
652 2458 689 2498 ex
711 2447 803 2515 pacte
822 2438 958 2513 postulat
976 2446 1010 2496 ut

114 2540 174 2600 sibi
190 2544 296 2601 urbem
311 2544 442 2602 tredant.
489 2543 539 2602 Illi
561 2542 643 2601 enim
666 2544 815 2615 dixerant,
832 2562 901 2601 eum
916 2548 1010 2601 vente)

114 2644 208 2704 boree
221 2646 313 2705 dome
325 2647 482 2722 proiectus
494 2655 532 2706 eri
544 2646 743 2723 pervenisset,
756 2652 825 2704 sese
841 2644 1008 2717 deditures,

80 2753 148 2807 lise
173 2758 274 2807 autem
302 2750 426 2808 domum
451 2751 639 2810 Chersonesi
664 2751 786 2808 habere.
833 2751 937 2821 Ceres
958 2757 1011 2825 qui

114 2861 179 2910 tum
195 2855 346 2911 Lemnum
362 2852 547 2926 incolebant,
561 2862 620 2912 etsi
635 2862 756 2929 praeter
768 2851 946 2928 opinir'mem
961 2859 1010 2910 res
1028 2871 1041 2904 2
1045 2869 1058 2922 5

115 2955 277 3028 ceciderat,
304 2965 407 3015 tamen
434 2964 495 3015 nen
524 2957 616 3027 dicte,
642 2956 697 3015 sed
727 2956 865 3015 secunde
887 2956 1011 3014 fertunai

156 3109 172 3158 6
184 3109 314 3174 disiectis,
318 3109 487 3173 fugatis—8
501 3110 606 3175 idimea,
618 3116 804 3172 opportunu-
815 3124 843 3157 10
856 3107 1009 3173 primentii,

114 3194 328 3256 sapientie—13
356 3193 483 3257 decrevit,
507 3196 645 3240 stamir-
658 3193 686 3241 16
711 3193 806 3257 setius,
831 3193 1011 3256 minuc-25

115 3276 229 3338 praeter,
244 3281 338 3322 contra.
