2294 3638
120 231 151 279 18
364 234 661 282 THEMISTOCLES.
696 247 719 297 9,
736 247 772 282 10.

117 404 261 479 conloqui
270 405 349 475 volu,
361 423 496 461 annuum
510 403 585 461 mihi
601 411 723 478 tempus
735 401 790 460 des
806 408 905 479 euque
921 408 1016 459 truns-

120 508 191 565 uctu
206 507 246 564 ad
262 513 292 565 te
307 514 411 564 venire
427 505 584 582 patiuris.”

72 609 118 670 10
163 609 265 667 Huius
282 616 333 667 rex
350 609 443 666 animi
456 608 699 686 mugnitudinem
711 609 866 668 admiruns
879 606 1016 684 cupiens·

121 732 181 788 que
196 713 289 770 tulem
305 712 401 770 virum
418 712 477 771 sibi
495 711 653 770 conciliuri
675 711 796 770 veniam
819 711 914 770 dedit.
961 710 1016 768 Ille

19 854 27 879 .
121 834 212 874 omne
228 815 303 874 illud
319 825 441 892 tempus
464 815 572 874 litteris
595 823 789 891 sermunique
806 816 968 873 Persurum
984 821 1017 872 se
1052 827 1063 878 5
1088 842 1092 849 1

122 918 259 977 dedidit:
283 919 395 994 quibus
411 919 490 977 adeu
506 919 643 977 eruditus
659 928 716 990 est,
730 927 763 976 ut
777 917 874 976 multu
886 935 1017 975 commo

122 1021 191 1080 dius
207 1022 327 1080 dicutur
343 1022 425 1103 apud
441 1029 542 1098 regem
559 1023 652 1080 verba
667 1020 779 1080 fecisse
792 1039 883 1097 quam
900 1019 921 1078 ii
935 1029 1018 1096 pote-

88 1140 105 1189 2
122 1135 199 1196 rant,
214 1134 266 1200 qui
281 1125 312 1183 in
330 1125 456 1183 Perside
472 1133 560 1182 erant
575 1133 648 1183 nuti.
682 1125 744 1182 Hic
759 1143 828 1182 cum
845 1123 940 1181 multa
956 1130 1018 1199 regi

45 1300 49 1307 .
123 1238 205 1286 esset
234 1228 389 1304 pollicitus
418 1227 688 1304 grutissimumque
718 1227 802 1300 illud,
826 1235 852 1285 si
882 1235 946 1285 suis
975 1235 1018 1284 uti

123 1331 259 1390 cunsiliis
282 1320 382 1403 vellet,
400 1331 484 1388 illum
507 1330 669 1390 Graeciam
689 1331 771 1389 bellu
792 1339 1016 1406 oppressurum,
1038 1351 1065 1384 10

123 1443 242 1510 mugnis
265 1434 442 1493 muneribus
460 1435 500 1492 ab
521 1437 689 1493 Artaxerxe
711 1434 846 1493 denutus
864 1433 894 1490 in
912 1432 1018 1490 Asiam

123 1537 214 1596 rediit
250 1537 498 1613 domiciliumque
536 1536 717 1614 Magnesiae
754 1536 813 1596 sibi
849 1535 1016 1595 cunstituit.

89 1643 265 1716 3Namque
291 1640 372 1697 hanc
398 1641 504 1698 urbem
530 1649 558 1699 ei
584 1648 636 1699 rex
662 1641 792 1699 dunurat
820 1640 868 1698 his
895 1639 1019 1716 quidem

123 1744 234 1815 verbis
258 1763 337 1819 quae
362 1753 390 1802 ei
414 1752 526 1820 punem
548 1744 709 1819 praeberet
735 1742 787 1822 (ex
811 1751 872 1819 quu
895 1742 1019 1819 regione

124 1855 342 1923 quinquagena
363 1848 479 1905 talenta
503 1856 669 1922 quotannis
691 1847 857 1926 redibant),
876 1848 1021 1922 Lampsa·
1040 1863 1066 1914 15

124 1969 194 2008 cum
217 1961 327 2022 autem,
345 1952 427 2010 unde
450 1960 554 2009 vinum
577 1958 719 2022 sumeret,
740 1952 879 2028 Myunta‚
900 1969 937 2008 ex
959 1958 1020 2026 quu

125 2054 289 2112 obsunium
304 2054 440 2112 haberet.

168 2157 270 2215 Huius
294 2157 333 2215 ad
356 2168 493 2215 nostram
516 2156 693 2215 memoriam
718 2165 917 2214 monumenta
938 2164 1020 2216 mun-

126 2268 231 2319 serunt
247 2261 327 2318 duo:
350 2261 525 2336 sepulcrum
547 2280 643 2336 prope
666 2259 814 2336 oppidum
840 2259 871 2317 in
892 2267 954 2336 quu
973 2268 1021 2318 est

90 2376 108 2426 4
125 2364 272 2441 sepultuS,
287 2372 390 2422 statua
406 2363 436 2420 in
452 2364 520 2422 loru
537 2363 726 2440 Magnesiae.
759 2365 807 2421 De
823 2362 909 2421 cuius
925 2371 1021 2421 morte
1040 2379 1068 2414 20

125 2468 228 2526 multis
251 2468 351 2526 modis
373 2468 456 2542 apud
478 2467 640 2543 plerusque
657 2475 875 2542 scriptumest,
893 2467 949 2525 scd
964 2473 1021 2524 nus

125 2572 258 2630 eundem
280 2569 474 2646 potissimum
495 2571 707 2648 Thucydidem
736 2576 893 2629 auctorem
914 2567 1022 2645 probu-

125 2694 201 2746 mus
215 2683 267 2749 qui
282 2674 365 2732 illum
380 2672 422 2731 ait
435 2656 615 2749 Mugriesiae
632 2673 739 2732 morbu
755 2682 905 2731 mortuum
922 2690 1021 2749 neque

126 2787 219 2854 negat
233 2777 330 2836 luisse
345 2777 459 2836 sumam
475 2783 627 2835 venenum
643 2784 698 2834 suu
714 2785 825 2851 sponte
843 2775 1020 2852 sumpsisse,

125 2901 194 2938 cum
211 2888 252 2952 se,
271 2899 349 2957 quae
365 2887 429 2956 regi
444 2880 482 2938 de
498 2879 628 2938 Graeciu
643 2878 845 2955 opprimendu
867 2878 1022 2955 pollicitus
1042 2894 1071 2946 25

93 2993 107 3040 5
126 2995 218 3056 esset,
235 2993 392 3061 praesture
411 3003 503 3060 posse
523 2983 707 3058 desperuret.
754 2976 840 3041 idem
863 3001 946 3041 ossa·
957 2982 1022 3041 eius

170 3153 182 3203 5
200 3138 326 3202 semum,
345 3139 521 3199 linguan-7
540 3137 623 3186 verba
640 3133 749 3199 fecisse,
767 3136 877 3183 locatum
896 3149 1024 3198 esse-9

126 3222 325 3286 gratissimum,
347 3220 570 3268 iucundissimum.
581 3247 613 3254 —
625 3232 650 3266 11
673 3218 840 3282 muneribus,
860 3219 939 3267 denis.
949 3247 981 3254 —
993 3232 1022 3282 13

126 3306 249 3368 dimitat,
264 3305 415 3352 dederan-
426 3301 457 3350 26
469 3302 618 3366 praestare,
626 3302 720 3364 farere.
