2294 3638
105 213 136 263 12
355 216 653 267 THEMISTOCLES.
688 232 712 278 4,
727 229 748 282 5.

105 383 318 443 sacerdotibus
334 391 412 461 quos
430 383 461 442 in
478 403 548 444 arce
567 385 735 469 invenerat,
758 384 903 444 incendio
922 384 1000 444 dele-

70 495 87 547 2
104 485 155 545 vit.
202 487 297 546 Cuius
313 487 436 547 flamma
458 489 610 565 perterriti
626 488 777 548 classiarii
791 507 861 548 curn
877 495 999 547 manere

105 597 168 649 non
184 590 333 650 auderent
354 601 385 650 et
404 592 525 668 plurimi
545 593 740 652 hortarentur
755 602 789 652 ut
803 593 913 652 domos
929 599 1000 651 suas

105 693 300 753 discederent
328 694 553 773 moenibusque
583 704 616 755 se
646 696 857 769 defenderent,
880 695 1001 755 Themi·

106 797 218 855 stocles
240 806 317 856 imus
339 797 451 857 restitit
472 808 502 857 et
523 798 682 858 universos
704 805 802 875 pares·
817 817 886 858 esse
908 817 1000 875 posse
1037 811 1050 863 s

105 899 216 971 siebat,
239 901 396 976 dispersos
419 901 590 961 testabatur
612 901 770 979 perituros,
793 901 887 979 idque
911 903 1002 980 Eury-

105 1003 198 1075 biadi,
230 1009 292 1079 regi
330 1005 654 1080 Lacedaemoniorum,
683 1015 735 1082 qui
767 1015 833 1064 tum
864 1024 1001 1064 summae

72 1114 88 1163 3
107 1106 213 1182 imperi
228 1117 376 1183 praeerat,
393 1109 459 1167 fore
475 1108 669 1169 adfirmabat.
700 1109 801 1183 Quem
816 1127 885 1167 cum
901 1108 1001 1167 minus

106 1228 197 1286 quam
227 1210 318 1269 vellet
344 1200 488 1284 moveret,
514 1222 608 1271 noctir
634 1213 672 1271 de
699 1221 795 1271 servis
821 1221 885 1271 suis
911 1230 1001 1288 quem

106 1313 213 1372 habuit
235 1314 445 1374 fidelissimum
467 1317 507 1374 ad
527 1323 629 1393 regem
648 1315 738 1387 misit,
756 1324 789 1374 ut
804 1324 833 1374 ei
848 1314 1002 1374 nirntiairet
1022 1335 1052 1370 ιο

72 1419 170 1475 4suis
200 1416 300 1476 verbis
333 1418 526 1478 adversarios
552 1420 618 1478 eius
642 1419 673 1477 in
694 1419 768 1496 fuga
791 1437 877 1477 esse:
902 1426 1003 1494 quisi

107 1518 333 1593 discessissent,
360 1521 475 1581 maiore
502 1540 571 1580 cum
601 1523 706 1581 labore
731 1532 763 1580 et
788 1520 1003 1598 longinquiore

107 1632 244 1701 tempore
259 1614 374 1683 bellum
391 1625 610 1698 coniecturum,
627 1644 697 1684 cum
719 1624 857 1702 singulos
879 1631 1004 1684 consec-

108 1734 164 1785 triri
187 1734 366 1804 cogeretur:
396 1735 474 1804 quos
497 1737 524 1787 si
546 1729 649 1788 statim
672 1729 905 1805 aggrederetur,
918 1728 1004 1787 brevi

109 1829 268 1891 Universos
283 1841 509 1909 oppressurum.
536 1834 607 1892 Hoc
623 1840 660 1891 eo
675 1833 806 1904 valebat,
817 1842 851 1890 ut
865 1831 1004 1908 ingratiis
1024 1852 1053 1905 15

75 1938 91 1987 5
109 1934 148 1993 arl
164 1934 402 2013 depugnandum
419 1943 526 1995 omnes
542 1943 732 2013 erigerentur.
765 1937 836 1994 Hac
851 1941 883 1994 re
899 1934 1004 1993 audita

109 2038 266 2110 barbarus,
284 2038 358 2096 nihil
382 2039 445 2098 doli
468 2038 597 2098 subesse
617 2039 755 2112 credens,
771 2037 920 2116 postridie
935 2037 1005 2097 alie

110 2140 238 2201 nissimi)
261 2141 319 2201 sibi
342 2143 419 2214 loci),
443 2151 550 2201 contra
572 2141 834 2219 opportunissimi)
852 2141 1003 2213 hostibus,

110 2245 189 2304 adei)
222 2253 353 2322 angusto
390 2254 464 2303 mari
501 2245 639 2305 conflixit
676 2255 709 2304 ut
742 2245 808 2303 eius
842 2243 1006 2304 multitirdo

111 2348 234 2408 nivium
263 2348 409 2424 explicari
439 2355 501 2407 non
531 2348 673 2424 potuerit.
717 2350 827 2407 Victus
856 2355 929 2426 ergo
959 2356 1007 2406 est
1024 2371 1054 2406 20

110 2450 208 2529 magis
224 2450 316 2509 ctiam
332 2450 463 2511 consilio
479 2450 681 2510 Themistocli
698 2469 790 2527 quam
805 2459 897 2510 armis
913 2452 1007 2511 Grae·

111 2555 185 2615 ciae.

72 2658 95 2718 5
154 2660 217 2717 Hic
233 2667 291 2718 etsi
304 2658 382 2716 male
397 2676 460 2717 rem
476 2666 623 2734 gesserat,
635 2667 738 2715 tamen
754 2665 857 2715 tantas
872 2656 1008 2715 habebat

112 2761 257 2839 reliquias
269 2761 426 2839 copiarum
438 2770 472 2819 ut
484 2761 576 2819 etiam
589 2770 653 2819 tum
665 2758 702 2818 iis
715 2759 887 2836 opprimere
901 2767 1009 2835 posset

112 2866 226 2926 hostes.
259 2869 373 2925 Iterum
389 2865 428 2924 ab
445 2865 554 2925 eodem
569 2864 665 2941 gradir
681 2863 828 2939 depulsus
844 2872 901 2922 est.
927 2866 1008 2922 Nam
1027 2884 1056 2936 25

154 3055 170 3101 4
183 3040 359 3104 discederent,
372 3040 476 3088 abirent.
486 3037 544 3086 —6
555 3037 657 3101 iiebat,
670 3037 773 3085 dicebat.
783 3049 841 3099 -9
853 3037 943 3102 noctir,
957 3052 1009 3085 noc·

113 3130 193 3173 turns
207 3130 396 3186 tempora—12
413 3121 613 3185 discessissent,
630 3121 793 3183 effugissem
811 3119 1008 3185 longinquiore,

113 3208 316 3271 longiora-14
336 3206 534 3270 aggrederetur,
552 3207 673 3267 impetum
688 3204 788 3267 faceret
804 3205 841 3250 in.
851 3231 884 3239 —
895 3216 923 3264 17
943 3203 1008 3267 doli,

103 3292 224 3357 fraudis.
234 3318 267 3327 —
277 3303 308 3350 24
320 3289 479 3353 opprimere,
492 3290 627 3336 devincere.
