2294 3638
405 685 707 770 ALCIBIADES.

72 884 93 940 1
151 888 356 957 Ammianus,
380 887 500 945 Cliniae
524 887 617 959 filius
635 886 844 945 Atheniensis,
890 889 928 944 In
947 887 1003 945 hoc

110 989 183 1064 quid
196 998 304 1047 natura
317 989 436 1048 efficere
449 990 555 1066 possit,
570 990 690 1049 videtur
701 1000 835 1065 experta.
875 992 1004 1050 Constat

110 1092 190 1149 enim
212 1092 290 1151 inter
309 1099 486 1169 omnesqui
503 1095 541 1151 de
557 1101 594 1152 eo
609 1093 774 1152 memoriae
794 1094 1002 1170 prodiderunt,

110 1196 184 1252 nihil
202 1195 253 1254 illo
268 1196 364 1253 fuisse
381 1197 582 1254 excellentius
599 1197 646 1255 vel
662 1196 693 1253 in
708 1196 790 1255 vitiis
806 1198 854 1255 vel
870 1197 902 1254 in
918 1197 1005 1255 virtu-

76 1308 92 1356 2
110 1299 201 1356 tibus.
244 1301 348 1356 ‘Natus
365 1299 395 1356 in
413 1299 602 1375 amplissima
614 1299 739 1358 civitate
752 1307 872 1359 summo
883 1319 1004 1377 genere,
1038 1315 1050 1367 5

111 1402 246 1459 omnium
260 1402 370 1460 aetatis
381 1421 454 1459 suae
468 1404 564 1462 multo
579 1402 830 1475 formosissimus,
844 1403 884 1462 ad
900 1411 1005 1462 omnes

111 1513 158 1562 res
175 1515 264 1580 aptus
280 1504 450 1580 consilique
468 1507 577 1582 plenus
595 1506 742 1584 (namque
763 1505 930 1582 imperator
949 1506 1006 1563 fuit

111 1628 248 1666 summus
272 1619 302 1666 et
327 1617 401 1665 mari
426 1619 456 1667 et
482 1611 586 1689 terra),
610 1609 752 1681 disertus,
777 1618 810 1668 ut
840 1609 871 1666 in
901 1618 1006 1686 primis

112 1713 244 1770 dicendo
260 1714 383 1782 valeret,
402 1714 485 1787 quod
508 1722 594 1770 tanta
613 1722 677 1772 erat
696 1712 925 1771 commendatio
946 1712 1006 1772 oris

112 1826 203 1890 atque
220 1815 376 1887 orationis,
395 1825 427 1873 ut
444 1824 534 1875 nemo
550 1825 577 1873 ei
593 1826 699 1891 posset
714 1815 857 1874 resistere
872 1840 878 1888 3
902 1816 1004 1884 dives;
1025 1836 1052 1870 ιο

77 1924 94 1972 3
111 1939 179 1976 cum
196 1930 316 1994 tempus
332 1929 482 1995 posceret,
500 1919 681 1992 laboriosus
694 1919 816 1996 patiens
832 1943 838 1990 ;
861 1919 1004 1998 liberalis

112 2023 292 2098 splendidus
310 2031 370 2081 non
389 2023 489 2080 minus
506 2023 536 2079 in
553 2032 615 2081 vita
632 2042 723 2098 quam
735 2031 816 2081 victu
831 2047 837 2094 ;
851 2023 1004 2094 adfabilis,

77 2126 253 2195 4blandus‚
281 2125 470 2200 temporibus
497 2126 694 2183 callidissime
720 2125 875 2185 serviens:
916 2128 1005 2197 Idem,

112 2229 258 2286 simulac
282 2237 315 2286 se
338 2238 496 2286 remiserat
519 2248 619 2304 neque
646 2248 739 2287 causa
762 2229 888 2288 suberat
914 2236 1007 2305 quare

113 2332 205 2389 animi
221 2333 357 2390 laborem
376 2334 532 2407 perferret,
550 2332 731 2405 luxuriosus
749 2332 926 2405 dissolutus,
944 2333 1006 2390 libi·
1027 2338 1052 2390 Ι5

113 2436 249 2507 dinosus,
271 2435 479 2510 intemperans
503 2437 718 2511 reperiebatur,
740 2447 771 2495 ut
786 2444 893 2495 omnes
917 2437 1007 2494 admi-

112 2549 250 2597 rarentur
272 2539 302 2596 in
326 2547 387 2597 uno
410 2539 532 2596 homine
559 2549 675 2597 tantam
699 2558 767 2602 esse
790 2538 1007 2598 dissimilitudi-

113 2662 182 2700 nem
199 2653 322 2718 tamque
339 2644 490 2700 diversam
508 2653 655 2701 naturam.

33 2816 36 2820 ,
74 2749 95 2806 2
155 2740 312 2805 Educatus
329 2757 375 2805 est
391 2747 420 2803 in
438 2748 530 2805 domo
545 2747 651 2804 Pericli
667 2746 837 2824 (privignus
849 2747 931 2805 enim
943 2747 1007 2805 eius

112 2850 207 2907 fuisse
224 2850 358 2928 dicitur),
377 2851 513 2908 eruditus
529 2859 547 2907 ai
565 2852 697 2907 Socrate.
744 2851 889 2908 Socerum
902 2848 1008 2908 habuit
1025 2855 1054 2889 20

146 3037 160 3086 3
189 3024 333 3073 memoriae
363 3024 546 3086 prodiderunt,
572 3028 804 3084 scripserunt—4
823 3023 1006 3084 excellentius,

115 3109 297 3168 pracstantr'us.
308 3106 363 3153 —8
382 3107 509 3169 disertuS,
528 3108 652 3168 eloqzu‘nr.
663 3135 695 3140 —
707 3119 732 3151 11
754 3107 885 3170 posceret,
899 3107 1008 3168 postula-

112 3198 156 3238 ret.
167 3218 200 3225 -
213 3205 242 3253 13
260 3189 390 3252 serviens,
404 3195 484 3236 utens.
495 3218 527 3223 —
540 3203 568 3247 14
587 3189 704 3251 suberat,
718 3189 813 3236 aderat.
824 3218 857 3225 -
869 3201 897 3254 15
910 3186 1008 3253 perfer·

142 3275 148 3288 ¹
158 3309 160 3311 >
175 3274 300 3320 toleraret.
